<collection xmlns="info:lc/xmlns/marcxchange-v1">
<record format="UNIMARC" type="Bibliographic">
  <leader>01276ngm  2200277 i 4500</leader>
  <controlfield tag="001">UMLRM0003</controlfield>
  <datafield tag="071" ind1="4" ind2="1">
    <subfield code="a">DVD103</subfield>
    <subfield code="b">RDM vidéo</subfield>
  </datafield>
  <datafield tag="073" ind1=" " ind2="0">
    <subfield code="a">3125127221033</subfield>
  </datafield>
  <datafield tag="100" ind1=" " ind2=" ">
    <subfield code="a">20220924d2012    x  y0frey50      ba</subfield>
  </datafield>
  <datafield tag="102" ind1=" " ind2=" ">
    <subfield code="a">FR</subfield>
  </datafield>
  <datafield tag="115" ind1=" " ind2=" ">
    <subfield code="a">c   aaizxuxz   bkxxc</subfield>
  </datafield>
  <datafield tag="181" ind1=" " ind2="0">
    <subfield code="6">01</subfield>
    <subfield code="a">b</subfield>
    <subfield code="b">xa2ea</subfield>
  </datafield>
  <datafield tag="181" ind1=" " ind2=" ">
    <subfield code="6">02</subfield>
    <subfield code="c">tdi</subfield>
    <subfield code="2">rdacontent</subfield>
  </datafield>
  <datafield tag="182" ind1=" " ind2="0">
    <subfield code="6">01</subfield>
    <subfield code="a">g</subfield>
  </datafield>
  <datafield tag="182" ind1=" " ind2=" ">
    <subfield code="6">02</subfield>
    <subfield code="c">v</subfield>
    <subfield code="2">rdamedia</subfield>
  </datafield>
  <datafield tag="200" ind1="1" ind2=" ">
    <subfield code="a">Nosferatu</subfield>
    <subfield code="f">Réalisation Friedrich W. Murnau</subfield>
    <subfield code="g">d’après le roman &quot;Dracula&quot; de Bram Stoker</subfield>
    <subfield code="g">scénario et adaptation Henrik Galeen</subfield>
    <subfield code="g">avec Max Schreck, Greta Schroeder, Gustav von Wangenheim... [et autres]</subfield>
  </datafield>
  <datafield tag="214" ind1=" " ind2="0">
    <subfield code="a">[Sannois]</subfield>
    <subfield code="c">RDM vidéo</subfield>
    <subfield code="d">[DL 2012]</subfield>
  </datafield>
  <datafield tag="214" ind1=" " ind2="2">
    <subfield code="a">[Sannois]</subfield>
    <subfield code="c">RDM vidéo</subfield>
  </datafield>
  <datafield tag="214" ind1=" " ind2="4">
    <subfield code="d">2011</subfield>
  </datafield>
  <datafield tag="215" ind1=" " ind2=" ">
    <subfield code="a">1 DVD vidéo</subfield>
    <subfield code="c">monoface simple couche, 4/3, 24 im./s, PAL, toutes zones</subfield>
  </datafield>
  <datafield tag="225" ind1="2" ind2=" ">
    <subfield code="a">Les trésors du cinéma</subfield>
  </datafield>
  <datafield tag="327" ind1="2" ind2=" ">
    <subfield code="a">Contient aussi : Biographie et filmographie du réalisateur. Fiche technique</subfield>
  </datafield>
  <datafield tag="410" ind1=" " ind2="0">
    <subfield code="0">42648324</subfield>
    <subfield code="t">Les Trésors du cinéma</subfield>
    <subfield code="x">2259-4388</subfield>
    <subfield code="d">2012</subfield>
  </datafield>
  <datafield tag="451" ind1=" " ind2="1">
    <subfield code="0">UMLRM0176</subfield>
    <subfield code="t">Les grands classiques du cinéma allemand</subfield>
    <subfield code="c">[Sannois]</subfield>
    <subfield code="n">RDM vidéo</subfield>
    <subfield code="d">[DL 2013]</subfield>
    <subfield code="p">7 DVD vidéo</subfield>
  </datafield>
  <datafield tag="507" ind1="1" ind2=" ">
    <subfield code="3">UMLRM0002</subfield>
    <subfield code="7">ba0yba0y</subfield>
    <subfield code="8">freger</subfield>
    <subfield code="a">Nosferatu, eine Symphonie des Grauens</subfield>
    <subfield code="c">film</subfield>
    <subfield code="l">Version restaurée</subfield>
    <subfield code="w">60mn</subfield>
    <subfield code="o">1995</subfield>
    <subfield code="m">Français</subfield>
  </datafield>
  <datafield tag="801" ind1=" " ind2="0">
    <subfield code="a">FR</subfield>
    <subfield code="b">FR-751131015</subfield>
    <subfield code="c">20220924</subfield>
    <subfield code="g">RDA-FR</subfield>
    <subfield code="h">FRBNF42632683000000X</subfield>
  </datafield>
</record>