
<record format="UNIMARC" type="Bibliographic">
  <leader>00689cam  2200193 i 4500</leader>
  <controlfield tag="001">UMLRM0006</controlfield>
  <controlfield tag="005">20220908######.D</controlfield>
  <datafield tag="010" ind1=" " ind2=" ">
    <subfield code="a"> 0-330-32856-5</subfield>
    <subfield code="b">Broché</subfield>
    <subfield code="d">4,99 £</subfield>
  </datafield>
  <datafield tag="100" ind1=" " ind2=" ">
    <subfield code="a">20220908d1992    x  y0frey50      ba</subfield>
  </datafield>
  <datafield tag="102" ind1=" " ind2=" ">
    <subfield code="a">GB</subfield>
  </datafield>
  <datafield tag="181" ind1=" " ind2=" ">
    <subfield code="a">i </subfield>
    <subfield code="b">axxe</subfield>
  </datafield>
  <datafield tag="182" ind1=" " ind2=" ">
    <subfield code="a">n</subfield>
  </datafield>
  <datafield tag="183" ind1=" " ind2=" ">
    <subfield code="a">nga</subfield>
    <subfield code="2">RDAfrCarrier</subfield>
  </datafield>
  <datafield tag="200" ind1="1" ind2=" ">
    <subfield code="a">Dracula</subfield>
    <subfield code="f">Bram Stoker</subfield>
  </datafield>
  <datafield tag="214" ind1=" " ind2="0">
    <subfield code="a"> London</subfield>
    <subfield code="a">Sidney</subfield>
    <subfield code="a">Auckland</subfield>
    <subfield code="c">Pan books</subfield>
    <subfield code="d">1992</subfield>
  </datafield>
  <datafield tag="214" ind1=" " ind2="3">
    <subfield code="a">27-Mesnil-sur-l&apos;Estrée</subfield>
    <subfield code="c"> Imprimerie Firmin-Didot</subfield>
  </datafield>
  <datafield tag="215" ind1=" " ind2=" ">
    <subfield code="a">1 volume (382 pages)</subfield>
    <subfield code="c">couverture illustrée en couleur</subfield>
    <subfield code="d">18 cm</subfield>
  </datafield>
  <datafield tag="577" ind1="1" ind2="1">
    <subfield code="3">UMLRM0005</subfield>
    <subfield code="7">ba0yba0y</subfield>
    <subfield code="8">freeng</subfield>
    <subfield code="a">Stoker, Bram (1847-1912)</subfield>
    <subfield code="t">Dracula</subfield>
    <subfield code="m">Anglais</subfield>
    <subfield code="n">Texte noté</subfield>
  </datafield>
  <datafield tag="801" ind1=" " ind2="0">
    <subfield code="a">FR</subfield>
    <subfield code="b">FR-751131015</subfield>
    <subfield code="c">20220908</subfield>
    <subfield code="g">RDA-FR</subfield>
    <subfield code="h">FRBNF358371710000004</subfield>
  </datafield>
</record>