
<record format="UNIMARC" type="Bibliographic">
  <leader>01893ngm  2200349 i 4500</leader>
  <controlfield tag="001">UMLRM0009</controlfield>
  <datafield tag="071" ind1="4" ind2="1">
    <subfield code="a">FG 317 101</subfield>
    <subfield code="b">Gaumont vidéo</subfield>
  </datafield>
  <datafield tag="073" ind1=" " ind2="0">
    <subfield code="a">3607483171011</subfield>
  </datafield>
  <datafield tag="100" ind1=" " ind2=" ">
    <subfield code="a">20100921d2010    x  y0frey50      ba</subfield>
  </datafield>
  <datafield tag="102" ind1=" " ind2=" ">
    <subfield code="a">FR</subfield>
  </datafield>
  <datafield tag="115" ind1=" " ind2=" ">
    <subfield code="a">c   bai        bl  c</subfield>
  </datafield>
  <datafield tag="181" ind1=" " ind2=" ">
    <subfield code="6">01</subfield>
    <subfield code="a">b</subfield>
    <subfield code="b">xa2ae</subfield>
  </datafield>
  <datafield tag="181" ind1=" " ind2=" ">
    <subfield code="6">02</subfield>
    <subfield code="c">tdi</subfield>
    <subfield code="2">rda-frcontent</subfield>
  </datafield>
  <datafield tag="182" ind1=" " ind2=" ">
    <subfield code="6">01</subfield>
    <subfield code="a">g</subfield>
  </datafield>
  <datafield tag="182" ind1=" " ind2=" ">
    <subfield code="6">02</subfield>
    <subfield code="c">v</subfield>
    <subfield code="2">rda-frmedia</subfield>
  </datafield>
  <datafield tag="183" ind1=" " ind2=" ">
    <subfield code="6">02</subfield>
    <subfield code="a">vcc</subfield>
    <subfield code="2">rda-frcarrier</subfield>
  </datafield>
  <datafield tag="200" ind1="1" ind2=" ">
    <subfield code="a">Nosferatu, fantôme de la nuit</subfield>
    <subfield code="f">un film de Werner Herzog</subfield>
    <subfield code="g">[musique de Popol Vuh, Florian Fricke]</subfield>
    <subfield code="g">Isabelle Adjani, Klaus Kinski, [Bruno Ganz... et autres, acteurs]</subfield>
  </datafield>
  <datafield tag="214" ind1=" " ind2="0">
    <subfield code="a">[Neuilly-sur-Seine]</subfield>
    <subfield code="c"> Gaumont vidéo</subfield>
    <subfield code="d">[DL 2010]</subfield>
  </datafield>
  <datafield tag="214" ind1=" " ind2="2">
    <subfield code="a">[Neuilly-sur-Seine]</subfield>
    <subfield code="c"> Gaumont vidéo</subfield>
  </datafield>
  <datafield tag="215" ind1=" " ind2=" ">
    <subfield code="a">1 BD vidéo</subfield>
  </datafield>
  <datafield tag="304" ind1=" " ind2=" ">
    <subfield code="a">Notice rédigée d&apos;après la jaquette</subfield>
  </datafield>
  <datafield tag="327" ind1="2" ind2=" ">
    <subfield code="a">Contient aussi : &quot;Voyage au pays de l&apos;indicible&quot; de Dominique Maillet (37 min) avec les témoignages de Dominique Colladant, Harald Maury, Anne Demoulin, Serge Moati et Freddy Buache. &quot;Klaus Kinski, la métamorphose&quot; (20 min) par Dominique Colladant et Reiko Kruk. &quot;Histoire de vampire(s)&quot; (11 min) par Gérard Lenne. Bande-annonce</subfield>
  </datafield>
  <datafield tag="371" ind1="1" ind2=" ">
    <subfield code="a">Interdit à la location</subfield>
  </datafield>
  <datafield tag="507" ind1="1" ind2=" ">
    <subfield code="3">UMLRM0008</subfield>
    <subfield code="7">ba0yba0y</subfield>
    <subfield code="8">freger</subfield>
    <subfield code="a">Nosferatu, Phantom der Nacht</subfield>
    <subfield code="c">film</subfield>
    <subfield code="m">français</subfield>
  </datafield>
  <datafield tag="506" ind1="0" ind2=" ">
    <subfield code="a">Voyage au pays de l&apos;indicible</subfield>
    <subfield code="c">film</subfield>
  </datafield>
  <datafield tag="506" ind1="0" ind2=" ">
    <subfield code="a">Klaus Kinski, la métamorphose</subfield>
    <subfield code="c">film</subfield>
  </datafield>
  <datafield tag="506" ind1="0" ind2=" ">
    <subfield code="a">Histoire de vampire(s)</subfield>
    <subfield code="c">film</subfield>
  </datafield>
  <datafield tag="702" ind1=" " ind2="1">
    <subfield code="3">11913982</subfield>
    <subfield code="7">ba0yba0y</subfield>
    <subfield code="8">frefre</subfield>
    <subfield code="o">ISNI 0000 0001 0775 791X</subfield>
    <subfield code="a">Maillet</subfield>
    <subfield code="b">Dominique</subfield>
    <subfield code="f">19..-....</subfield>
    <subfield code="c">cinéaste</subfield>
    <subfield code="4">300</subfield>
  </datafield>
  <datafield tag="702" ind1=" " ind2="1">
    <subfield code="3">14674008</subfield>
    <subfield code="7">ba0yba0y</subfield>
    <subfield code="8">frefre</subfield>
    <subfield code="o">ISNI 0000 0000 0319 4585</subfield>
    <subfield code="a">Colladant</subfield>
    <subfield code="b">Dominique</subfield>
    <subfield code="4">300</subfield>
  </datafield>
  <datafield tag="702" ind1=" " ind2="1">
    <subfield code="3">14686232</subfield>
    <subfield code="7">ba0yba0y</subfield>
    <subfield code="8">frefre</subfield>
    <subfield code="o">ISNI 0000 0005 0335 5701</subfield>
    <subfield code="a">Kruk-Nishioka</subfield>
    <subfield code="b">Reiko</subfield>
    <subfield code="f">1935-....</subfield>
    <subfield code="4">300</subfield>
  </datafield>
  <datafield tag="702" ind1=" " ind2="1">
    <subfield code="3">11912442</subfield>
    <subfield code="7">ba0yba0y</subfield>
    <subfield code="8">frefre</subfield>
    <subfield code="o">ISNI 0000 0001 1032 0540</subfield>
    <subfield code="a">Lenne</subfield>
    <subfield code="b">Gérard</subfield>
    <subfield code="f">1946-....</subfield>
    <subfield code="4">300</subfield>
  </datafield>
  <datafield tag="801" ind1=" " ind2="0">
    <subfield code="a">FR</subfield>
    <subfield code="b">751043001</subfield>
    <subfield code="c">20220726</subfield>
    <subfield code="g">RDA-FR</subfield>
    <subfield code="h">FRBNF42274830000000X</subfield>
  </datafield>
</record>