
<record format="UNIMARC" type="Bibliographic">
  <leader>00759cam  2200205 i 4500</leader>
  <controlfield tag="001">UMLRM0012</controlfield>
  <controlfield tag="005">20220927######.D</controlfield>
  <datafield tag="010" ind1=" " ind2=" ">
    <subfield code="a">978-2-35030-689-6</subfield>
    <subfield code="b">Broché</subfield>
    <subfield code="d">19 EUR</subfield>
  </datafield>
  <datafield tag="100" ind1=" " ind2=" ">
    <subfield code="a">20210120d2021    x  y0frey50      ba</subfield>
  </datafield>
  <datafield tag="102" ind1=" " ind2=" ">
    <subfield code="a">FR</subfield>
  </datafield>
  <datafield tag="181" ind1=" " ind2=" ">
    <subfield code="a">i </subfield>
    <subfield code="b">axxe</subfield>
  </datafield>
  <datafield tag="182" ind1=" " ind2=" ">
    <subfield code="a">n</subfield>
  </datafield>
  <datafield tag="183" ind1=" " ind2=" ">
    <subfield code="a">nga</subfield>
    <subfield code="2">RDAfrCarrier</subfield>
  </datafield>
  <datafield tag="200" ind1="1" ind2=" ">
    <subfield code="a">&quot;Nosferatu le vampire</subfield>
    <subfield code="f">Paola Palma, Dimitri Vezyroglou</subfield>
  </datafield>
  <datafield tag="214" ind1=" " ind2="0">
    <subfield code="a">Neuilly</subfield>
    <subfield code="c">Atlande</subfield>
    <subfield code="d">DL 2021</subfield>
  </datafield>
  <datafield tag="215" ind1=" " ind2=" ">
    <subfield code="a">1 volume (221 pages)</subfield>
    <subfield code="d">18 cm</subfield>
  </datafield>
  <datafield tag="225" ind1="2" ind2=" ">
    <subfield code="a">Clefs concours</subfield>
    <subfield code="i">Cinéma</subfield>
  </datafield>
  <datafield tag="410" ind1=" " ind2="0">
    <subfield code="0">37721351</subfield>
    <subfield code="t">Clefs concours. Cinéma</subfield>
    <subfield code="x">1629-517X</subfield>
  </datafield>
  <datafield tag="577" ind1="1" ind2="1">
    <subfield code="3">UMLRM0011</subfield>
    <subfield code="7">ba0yba0y</subfield>
    <subfield code="8">frefre</subfield>
    <subfield code="a">Palma, Paola (1971-….)</subfield>
    <subfield code="a">Vezyroglou, Dimitri (1970-….)</subfield>
    <subfield code="t">&quot;Nosferatu le vampire&quot;</subfield>
    <subfield code="m">Français</subfield>
    <subfield code="n">Texte noté</subfield>
  </datafield>
  <datafield tag="801" ind1=" " ind2="0">
    <subfield code="a">FR</subfield>
    <subfield code="b">FR-751052119</subfield>
    <subfield code="c">20220927</subfield>
    <subfield code="g">RDA-FR</subfield>
    <subfield code="h">FRBNF466881440000007</subfield>
  </datafield>
</record>