
<record format="UNIMARC" type="Bibliographic">
  <leader>00822cam  2200193 i 4500</leader>
  <controlfield tag="001">UMLRM0015</controlfield>
  <controlfield tag="005">20220712######.D</controlfield>
  <datafield tag="010" ind1=" " ind2=" ">
    <subfield code="b">Broché</subfield>
  </datafield>
  <datafield tag="100" ind1=" " ind2=" ">
    <subfield code="a">20060703d2005    x  y0frey50      ba</subfield>
  </datafield>
  <datafield tag="102" ind1=" " ind2=" ">
    <subfield code="a">FR</subfield>
  </datafield>
  <datafield tag="181" ind1=" " ind2=" ">
    <subfield code="a">i </subfield>
    <subfield code="b">axxe  </subfield>
    <subfield code="a">b</subfield>
    <subfield code="b">xb2e</subfield>
  </datafield>
  <datafield tag="182" ind1=" " ind2=" ">
    <subfield code="a">n</subfield>
  </datafield>
  <datafield tag="183" ind1=" " ind2=" ">
    <subfield code="a">nga</subfield>
    <subfield code="2">RDAfrCarrier</subfield>
  </datafield>
  <datafield tag="200" ind1="1" ind2=" ">
    <subfield code="a">Jean-Claude Gallotta, Nosferatu, ballet de l&apos;Opéra</subfield>
    <subfield code="e">[chorégraphie de Jean-Claude Gallotta, musiques de Pascal Dusapin]</subfield>
    <subfield code="e">[programme, 6 mai 2006, Opéra national de Paris, Opéra Bastille]</subfield>
    <subfield code="f"> Opéra national de Paris</subfield>
  </datafield>
  <datafield tag="214" ind1=" " ind2="0">
    <subfield code="a">Paris</subfield>
    <subfield code="c">Opéra national de Paris</subfield>
  </datafield>
  <datafield tag="214" ind1=" " ind2="4">
    <subfield code="d">C 2005</subfield>
  </datafield>
  <datafield tag="215" ind1=" " ind2=" ">
    <subfield code="a">1 volume (54 pages)</subfield>
    <subfield code="d">24 cm</subfield>
  </datafield>
  <datafield tag="577" ind1="1" ind2="1">
    <subfield code="3">UMLRM0014</subfield>
    <subfield code="7">ba0yba0y</subfield>
    <subfield code="8">frefre</subfield>
    <subfield code="a">Jean-Claude Gallotta, Nosferatu, ballet de l&apos;Opéra</subfield>
    <subfield code="c">programme</subfield>
    <subfield code="d">2006-05</subfield>
    <subfield code="n">Texte noté. Image fixe</subfield>
  </datafield>
  <datafield tag="801" ind1=" " ind2="0">
    <subfield code="a">FR</subfield>
    <subfield code="b">FR-751052119</subfield>
    <subfield code="c">20220922</subfield>
    <subfield code="g">RDA-FR</subfield>
    <subfield code="h">FRBNF401910900000001</subfield>
  </datafield>
</record>