
<record format="UNIMARC" type="Bibliographic">
  <leader>00536nam  2200169 i 4500</leader>
  <controlfield tag="001">UMLRM0018</controlfield>
  <datafield tag="100" ind1=" " ind2=" ">
    <subfield code="a">20221030d1912    x  y0frey50      ba</subfield>
  </datafield>
  <datafield tag="102" ind1=" " ind2=" ">
    <subfield code="a">GB</subfield>
  </datafield>
  <datafield tag="181" ind1=" " ind2=" ">
    <subfield code="a">i </subfield>
    <subfield code="b">axxe</subfield>
  </datafield>
  <datafield tag="182" ind1=" " ind2=" ">
    <subfield code="a">n</subfield>
  </datafield>
  <datafield tag="183" ind1=" " ind2=" ">
    <subfield code="a">nga</subfield>
    <subfield code="2">RDAfrCarrier</subfield>
  </datafield>
  <datafield tag="200" ind1="1" ind2=" ">
    <subfield code="a">Dracula</subfield>
    <subfield code="f">by Bram Stoker</subfield>
  </datafield>
  <datafield tag="205" ind1=" " ind2=" ">
    <subfield code="a">9th edition</subfield>
  </datafield>
  <datafield tag="214" ind1=" " ind2="0">
    <subfield code="a">London</subfield>
    <subfield code="c">W. Rider and son</subfield>
    <subfield code="d">1992</subfield>
  </datafield>
  <datafield tag="215" ind1=" " ind2=" ">
    <subfield code="a">1 volume (VIII-404 pages)</subfield>
    <subfield code="d">in-12</subfield>
  </datafield>
  <datafield tag="577" ind1="1" ind2="1">
    <subfield code="3">UMLRM0005</subfield>
    <subfield code="7">ba0yba0y</subfield>
    <subfield code="8">freeng</subfield>
    <subfield code="a">Stoker, Bram (1847-1912)</subfield>
    <subfield code="t">Dracula</subfield>
    <subfield code="m">Anglais</subfield>
    <subfield code="n">Texte noté</subfield>
  </datafield>
  <datafield tag="801" ind1=" " ind2="0">
    <subfield code="a">FR</subfield>
    <subfield code="b">FR-751131015</subfield>
    <subfield code="c">20220908</subfield>
    <subfield code="g">RDA-FR</subfield>
    <subfield code="h"> FRBNF314099010000003</subfield>
  </datafield>
</record>