
<record format="UNIMARC" type="Bibliographic">
  <leader>00872cam  2200229 i 4500</leader>
  <controlfield tag="001">UMLRM0024</controlfield>
  <controlfield tag="005">20220905######.D</controlfield>
  <datafield tag="010" ind1=" " ind2=" ">
    <subfield code="d">5,85 F.</subfield>
  </datafield>
  <datafield tag="021" ind1=" " ind2=" ">
    <subfield code="a">FR</subfield>
    <subfield code="b">D. L. 16463-63</subfield>
  </datafield>
  <datafield tag="100" ind1=" " ind2=" ">
    <subfield code="a">20220826d1963    x  y0frey50      ba</subfield>
  </datafield>
  <datafield tag="102" ind1=" " ind2=" ">
    <subfield code="a">BE</subfield>
  </datafield>
  <datafield tag="181" ind1=" " ind2=" ">
    <subfield code="a">i </subfield>
    <subfield code="b">axxe</subfield>
  </datafield>
  <datafield tag="182" ind1=" " ind2=" ">
    <subfield code="a">n</subfield>
  </datafield>
  <datafield tag="183" ind1=" " ind2=" ">
    <subfield code="a">nga</subfield>
    <subfield code="2">RDAfrCarrier</subfield>
  </datafield>
  <datafield tag="200" ind1="1" ind2=" ">
    <subfield code="a">Dracula</subfield>
    <subfield code="f">Bram Stoker</subfield>
    <subfield code="g">traduit de l&apos;anglais par Lucienne Molitor</subfield>
    <subfield code="g">introduction de Tony Faivre</subfield>
  </datafield>
  <datafield tag="214" ind1=" " ind2="0">
    <subfield code="a">Verviers</subfield>
    <subfield code="c">Gérard et Cie</subfield>
    <subfield code="d">1963</subfield>
  </datafield>
  <datafield tag="215" ind1=" " ind2=" ">
    <subfield code="a">1 volume (569 pages)</subfield>
    <subfield code="c">couverture illustrée en couleur</subfield>
    <subfield code="d">18 cm</subfield>
  </datafield>
  <datafield tag="225" ind1="2" ind2=" ">
    <subfield code="a">Marabout Géant</subfield>
    <subfield code="x">2033-8708</subfield>
    <subfield code="v">182</subfield>
  </datafield>
  <datafield tag="410" ind1=" " ind2="0">
    <subfield code="0">42257336</subfield>
    <subfield code="t">Marabout géant</subfield>
    <subfield code="x">2033-8708</subfield>
    <subfield code="v">182</subfield>
  </datafield>
  <datafield tag="702" ind1=" " ind2="1">
    <subfield code="3">11447253</subfield>
    <subfield code="7">ba0yba0y</subfield>
    <subfield code="8">frefre</subfield>
    <subfield code="a">Faivre</subfield>
    <subfield code="b">Tony</subfield>
    <subfield code="4">080</subfield>
  </datafield>
  <datafield tag="577" ind1="1" ind2="1">
    <subfield code="3">UMLRM0020</subfield>
    <subfield code="7">ba0yba0y</subfield>
    <subfield code="8">freeng</subfield>
    <subfield code="a">Stoker, Bram (1847-1912)</subfield>
    <subfield code="t">Dracula</subfield>
    <subfield code="m">Français</subfield>
    <subfield code="w">Molitor</subfield>
    <subfield code="n">Texte noté</subfield>
  </datafield>
  <datafield tag="801" ind1=" " ind2="0">
    <subfield code="a">FR</subfield>
    <subfield code="b">FR-751052119</subfield>
    <subfield code="c">20220905</subfield>
    <subfield code="g">RDA-FR</subfield>
    <subfield code="h">FRBNF33183738000000X</subfield>
  </datafield>
</record>