
<record format="UNIMARC" type="Bibliographic">
  <leader>01049cam  2200241 i 4500</leader>
  <controlfield tag="001">UMLRM0027</controlfield>
  <controlfield tag="005">20220905######.D</controlfield>
  <datafield tag="010" ind1=" " ind2=" ">
    <subfield code="a"> 2-277-23402-8</subfield>
    <subfield code="b">Broché</subfield>
    <subfield code="d">38 F</subfield>
  </datafield>
  <datafield tag="100" ind1=" " ind2=" ">
    <subfield code="a">20220826d1992    xy0frey50      ba</subfield>
  </datafield>
  <datafield tag="181" ind1=" " ind2=" ">
    <subfield code="a">i </subfield>
    <subfield code="b">axxe</subfield>
  </datafield>
  <datafield tag="182" ind1=" " ind2=" ">
    <subfield code="a">n</subfield>
  </datafield>
  <datafield tag="183" ind1=" " ind2=" ">
    <subfield code="a">nga</subfield>
    <subfield code="2">RDAfrCarrier</subfield>
  </datafield>
  <datafield tag="200" ind1="1" ind2=" ">
    <subfield code="a">Dracula</subfield>
    <subfield code="f">Bram Stoker</subfield>
    <subfield code="g">traduit de l&apos;anglais par Lucienne Molitor</subfield>
    <subfield code="g">[notice biographique par Barbara Sadoul]</subfield>
  </datafield>
  <datafield tag="214" ind1=" " ind2="0">
    <subfield code="a">Paris</subfield>
    <subfield code="c">Éd. J&apos;ai lu</subfield>
    <subfield code="d">1992</subfield>
  </datafield>
  <datafield tag="214" ind1=" " ind2="3">
    <subfield code="a">72-La Flèche</subfield>
    <subfield code="c">mprimerie Brodard et Taupin</subfield>
  </datafield>
  <datafield tag="215" ind1=" " ind2=" ">
    <subfield code="a">1 volume (XXIV-505 pages)</subfield>
    <subfield code="c">illustrations, couverture illustrée</subfield>
    <subfield code="d">18 cm</subfield>
  </datafield>
  <datafield tag="225" ind1="2" ind2=" ">
    <subfield code="a">J&apos;ai lu</subfield>
    <subfield code="i">Epouvante</subfield>
  </datafield>
  <datafield tag="308" ind1=" " ind2=" ">
    <subfield code="a">Numéro dans la collection principale : 3402</subfield>
  </datafield>
  <datafield tag="410" ind1=" " ind2="0">
    <subfield code="0">34243801</subfield>
    <subfield code="t">J&apos;ai lu</subfield>
    <subfield code="i">Epouvante</subfield>
    <subfield code="x">0764-860X</subfield>
    <subfield code="d">1992</subfield>
  </datafield>
  <datafield tag="410" ind1=" " ind2="0">
    <subfield code="0">34229028</subfield>
    <subfield code="t">J&apos;ai lu</subfield>
    <subfield code="x">0291-3623</subfield>
    <subfield code="v">3402</subfield>
  </datafield>
  <datafield tag="702" ind1=" " ind2="1">
    <subfield code="3">12938552</subfield>
    <subfield code="7">ba0yba0y</subfield>
    <subfield code="8">fre###</subfield>
    <subfield code="o">ISNI 0000 0001 1631 511X</subfield>
    <subfield code="a">Sadoul</subfield>
    <subfield code="b">Barbara</subfield>
    <subfield code="4">340</subfield>
  </datafield>
  <datafield tag="577" ind1="1" ind2="1">
    <subfield code="3">UMLRM0020</subfield>
    <subfield code="7">ba0yba0y</subfield>
    <subfield code="8">freeng</subfield>
    <subfield code="a"> Stoker, Bram (1847-1912)</subfield>
    <subfield code="t">Dracula</subfield>
    <subfield code="m">Français</subfield>
    <subfield code="w">Molitor</subfield>
    <subfield code="n">Texte noté</subfield>
  </datafield>
  <datafield tag="801" ind1=" " ind2="0">
    <subfield code="a">FR</subfield>
    <subfield code="b">FR-751052119</subfield>
    <subfield code="c">20220905</subfield>
    <subfield code="g">RDA-FR</subfield>
    <subfield code="h"> FRBNF355462090000004</subfield>
  </datafield>
</record>