
<record format="UNIMARC" type="Bibliographic">
  <leader>01103cam  2200253 i 4500</leader>
  <controlfield tag="001">UMLRM0030</controlfield>
  <controlfield tag="005">20220701######.D</controlfield>
  <datafield tag="010" ind1=" " ind2=" ">
    <subfield code="a">2-01-013452-4</subfield>
    <subfield code="b">Broché</subfield>
    <subfield code="d">30,50 FRF</subfield>
  </datafield>
  <datafield tag="100" ind1=" " ind2=" ">
    <subfield code="a">19890210d1988    x  y0frey50      ba</subfield>
  </datafield>
  <datafield tag="102" ind1=" " ind2=" ">
    <subfield code="a">FR</subfield>
  </datafield>
  <datafield tag="181" ind1=" " ind2=" ">
    <subfield code="a">i </subfield>
    <subfield code="b">axxe</subfield>
  </datafield>
  <datafield tag="182" ind1=" " ind2=" ">
    <subfield code="a">n</subfield>
  </datafield>
  <datafield tag="183" ind1=" " ind2=" ">
    <subfield code="a">nga</subfield>
    <subfield code="2">RDAfrCarrier</subfield>
  </datafield>
  <datafield tag="200" ind1="1" ind2=" ">
    <subfield code="a">Dracula</subfield>
    <subfield code="e">roman</subfield>
    <subfield code="f">Bram Stoker</subfield>
    <subfield code="g">traduit de l’anglais par Lucienne Molitor</subfield>
    <subfield code="g">dossier établi par Jean-Claude Lullien</subfield>
  </datafield>
  <datafield tag="214" ind1=" " ind2="0">
    <subfield code="a">Paris</subfield>
    <subfield code="c">Hachette</subfield>
    <subfield code="d">1988</subfield>
  </datafield>
  <datafield tag="214" ind1=" " ind2="3">
    <subfield code="a">72-La Flèche</subfield>
    <subfield code="c">Imprimerie Brodard et Taupin</subfield>
  </datafield>
  <datafield tag="215" ind1=" " ind2=" ">
    <subfield code="a">1 volume (534 pages)</subfield>
    <subfield code="c">couverture illustrée en couleur</subfield>
    <subfield code="d">18 cm</subfield>
  </datafield>
  <datafield tag="225" ind1="2" ind2=" ">
    <subfield code="a">Bibliothèque verte</subfield>
    <subfield code="i">Plus</subfield>
    <subfield code="x">0990-4395</subfield>
  </datafield>
  <datafield tag="308" ind1=" " ind2=" ">
    <subfield code="a">Numéro dans la collection principale : 1006</subfield>
  </datafield>
  <datafield tag="410" ind1=" " ind2="0">
    <subfield code="0">34248604</subfield>
    <subfield code="t">Bibliothèque verte</subfield>
    <subfield code="i">Plus</subfield>
    <subfield code="x">0990-4395</subfield>
  </datafield>
  <datafield tag="410" ind1=" " ind2="0">
    <subfield code="0">34234553</subfield>
    <subfield code="t">Bibliothèque verte</subfield>
    <subfield code="x">0768-0864</subfield>
    <subfield code="v">1006</subfield>
  </datafield>
  <datafield tag="702" ind1=" " ind2="1">
    <subfield code="3">12111051</subfield>
    <subfield code="7">ba0yba0y</subfield>
    <subfield code="8">frefre</subfield>
    <subfield code="o">ISNI 0000 0000 0007 6233</subfield>
    <subfield code="a">Lullien</subfield>
    <subfield code="b">Jean-Claude</subfield>
    <subfield code="4">212</subfield>
  </datafield>
  <datafield tag="577" ind1="1" ind2="1">
    <subfield code="3">UMLRM0020</subfield>
    <subfield code="7">ba0yba0y</subfield>
    <subfield code="8">freeng</subfield>
    <subfield code="a">Stoker, Bram (1847-1912)</subfield>
    <subfield code="t">Dracula</subfield>
    <subfield code="m">Français</subfield>
    <subfield code="w">Molitor</subfield>
    <subfield code="n">Texte noté</subfield>
  </datafield>
  <datafield tag="801" ind1=" " ind2="0">
    <subfield code="a">FR</subfield>
    <subfield code="b">FR-751131015</subfield>
    <subfield code="c">20220701</subfield>
    <subfield code="g">RDA-FR</subfield>
    <subfield code="h">FRBNF349969370000004</subfield>
  </datafield>
</record>