
<record format="UNIMARC" type="Bibliographic">
  <leader>00962cam  2200229 i 4500</leader>
  <controlfield tag="001">UMLRM0033</controlfield>
  <controlfield tag="005">20221024######.D</controlfield>
  <datafield tag="010" ind1=" " ind2=" ">
    <subfield code="a">978-2-210-74066-2</subfield>
    <subfield code="b">Broché</subfield>
    <subfield code="d">3,95 EUR</subfield>
  </datafield>
  <datafield tag="073" ind1=" " ind2="0">
    <subfield code="a">9782210740662</subfield>
  </datafield>
  <datafield tag="100" ind1=" " ind2=" ">
    <subfield code="a">20140716d2014    x  y0frey50      ba</subfield>
  </datafield>
  <datafield tag="102" ind1=" " ind2=" ">
    <subfield code="a">FR</subfield>
  </datafield>
  <datafield tag="181" ind1=" " ind2=" ">
    <subfield code="a">i </subfield>
    <subfield code="b">axxe</subfield>
  </datafield>
  <datafield tag="182" ind1=" " ind2=" ">
    <subfield code="a">n</subfield>
  </datafield>
  <datafield tag="183" ind1=" " ind2=" ">
    <subfield code="a">nga</subfield>
    <subfield code="2">RDAfrCarrier</subfield>
  </datafield>
  <datafield tag="200" ind1="1" ind2=" ">
    <subfield code="a">Dracula</subfield>
    <subfield code="e">[extraits choisis]</subfield>
    <subfield code="f">Bram Stoker</subfield>
    <subfield code="g">traduction de Lucienne Molitor</subfield>
    <subfield code="g">choix des extraits et appareil pédagogique établi par Nadia Bruneel-Ziane,...</subfield>
    <subfield code="g">lexique établi par Michèle Sendre</subfield>
  </datafield>
  <datafield tag="214" ind1=" " ind2="0">
    <subfield code="a">[Paris]</subfield>
    <subfield code="c">Magnard</subfield>
  </datafield>
  <datafield tag="214" ind1=" " ind2="3">
    <subfield code="a">Italie</subfield>
    <subfield code="d">2014</subfield>
  </datafield>
  <datafield tag="215" ind1=" " ind2=" ">
    <subfield code="a">1 volume (217 pages)</subfield>
    <subfield code="c">couverture illustrée</subfield>
    <subfield code="d">18 cm</subfield>
  </datafield>
  <datafield tag="225" ind1="2" ind2=" ">
    <subfield code="a">Classiques &amp; patrimoine</subfield>
    <subfield code="v">56</subfield>
  </datafield>
  <datafield tag="410" ind1=" " ind2="0">
    <subfield code="0">42475882</subfield>
    <subfield code="t">Classiques &amp; patrimoine</subfield>
    <subfield code="x">2117-606X</subfield>
    <subfield code="v">56</subfield>
  </datafield>
  <datafield tag="577" ind1="1" ind2="1">
    <subfield code="3">UMLRM0032</subfield>
    <subfield code="7">ba0yba0y</subfield>
    <subfield code="8">freeng</subfield>
    <subfield code="a">Stoker, Bram (1847-1912)</subfield>
    <subfield code="t">Dracula</subfield>
    <subfield code="c">Choix</subfield>
    <subfield code="k">Bruneel-Ziane</subfield>
    <subfield code="m">Français</subfield>
    <subfield code="w">Molitor</subfield>
    <subfield code="n">Texte noté</subfield>
  </datafield>
  <datafield tag="801" ind1=" " ind2="0">
    <subfield code="a">FR</subfield>
    <subfield code="b"> FR-751131010</subfield>
    <subfield code="c">20061201</subfield>
    <subfield code="g">RDA-FR</subfield>
    <subfield code="h">FRBNF438628000000006</subfield>
  </datafield>
</record>