
<record format="UNIMARC" type="Bibliographic">
  <leader>00920nam  2200205 i 4500</leader>
  <controlfield tag="001">UMLRM0036</controlfield>
  <datafield tag="010" ind1=" " ind2=" ">
    <subfield code="a">2-7098-0973-7</subfield>
    <subfield code="b">Relié</subfield>
    <subfield code="d">69 F</subfield>
  </datafield>
  <datafield tag="100" ind1=" " ind2=" ">
    <subfield code="a">20221031d1998    x  y0frey50      ba</subfield>
  </datafield>
  <datafield tag="102" ind1=" " ind2=" ">
    <subfield code="a">FR</subfield>
  </datafield>
  <datafield tag="181" ind1=" " ind2=" ">
    <subfield code="a">i </subfield>
    <subfield code="b">axxe  </subfield>
    <subfield code="a">b </subfield>
    <subfield code="b">xb2e</subfield>
  </datafield>
  <datafield tag="182" ind1=" " ind2=" ">
    <subfield code="a">n</subfield>
  </datafield>
  <datafield tag="183" ind1=" " ind2=" ">
    <subfield code="a">nga</subfield>
    <subfield code="2">RDAfrCarrier</subfield>
  </datafield>
  <datafield tag="200" ind1="1" ind2=" ">
    <subfield code="a">Dracula</subfield>
    <subfield code="e">[version abrégée]</subfield>
    <subfield code="f">d&apos;après Bram Stoker</subfield>
    <subfield code="g">illustré par Tudor Humphries</subfield>
    <subfield code="g">[traduit par Michèle Jouve]</subfield>
  </datafield>
  <datafield tag="214" ind1=" " ind2="0">
    <subfield code="a">Paris</subfield>
    <subfield code="a">Bruxelles</subfield>
    <subfield code="a">Montréal [etc.]</subfield>
    <subfield code="c">Sélection du &quot;Reader&apos;s digest&quot;</subfield>
    <subfield code="d">1998</subfield>
  </datafield>
  <datafield tag="214" ind1=" " ind2="3">
    <subfield code="a">Chine</subfield>
  </datafield>
  <datafield tag="215" ind1=" " ind2=" ">
    <subfield code="a">1 volume (64 pages)</subfield>
    <subfield code="c">couverture illustrée en couleur</subfield>
    <subfield code="d">27 cm</subfield>
  </datafield>
  <datafield tag="225" ind1="0" ind2=" ">
    <subfield code="a">La bibliothèque des classiques</subfield>
    <subfield code="e">dès 7 ans</subfield>
  </datafield>
  <datafield tag="410" ind1=" " ind2="0">
    <subfield code="0">36591387</subfield>
    <subfield code="t">La bibliothèque des classiques (Sélection du &quot;Reader&apos;s digest&quot;)</subfield>
    <subfield code="d">1998</subfield>
  </datafield>
  <datafield tag="577" ind1="1" ind2="1">
    <subfield code="3">UMLRM0035</subfield>
    <subfield code="7">ba0yba0y</subfield>
    <subfield code="8">freeng</subfield>
    <subfield code="a">Humphries, Tudor (1953-….)</subfield>
    <subfield code="t">Dracula</subfield>
    <subfield code="m">Français</subfield>
    <subfield code="n">Texte noté. Image fixe</subfield>
  </datafield>
  <datafield tag="801" ind1=" " ind2="0">
    <subfield code="a">FR</subfield>
    <subfield code="b">FR-751052119</subfield>
    <subfield code="c">20221031</subfield>
    <subfield code="g">RDA-FR</subfield>
    <subfield code="h">FRBNF367131730000002</subfield>
  </datafield>
</record>