
<record format="UNIMARC" type="Bibliographic">
  <leader>00926nam  2200241 i 4500</leader>
  <controlfield tag="001">UMLRM0042</controlfield>
  <datafield tag="010" ind1=" " ind2=" ">
    <subfield code="a">978-2-290-05740-7</subfield>
    <subfield code="b">Broché</subfield>
    <subfield code="d">4,70 EUR</subfield>
  </datafield>
  <datafield tag="073" ind1=" " ind2="0">
    <subfield code="a">9782290057407</subfield>
  </datafield>
  <datafield tag="100" ind1=" " ind2=" ">
    <subfield code="a">20220809d2012    x  y0frey50      ba</subfield>
  </datafield>
  <datafield tag="102" ind1=" " ind2=" ">
    <subfield code="a">FR</subfield>
  </datafield>
  <datafield tag="181" ind1=" " ind2=" ">
    <subfield code="a">i </subfield>
    <subfield code="b">axxe</subfield>
  </datafield>
  <datafield tag="182" ind1=" " ind2=" ">
    <subfield code="a">n</subfield>
  </datafield>
  <datafield tag="183" ind1=" " ind2=" ">
    <subfield code="a">nga</subfield>
    <subfield code="2">RDAfrCarrier</subfield>
  </datafield>
  <datafield tag="200" ind1="1" ind2=" ">
    <subfield code="a">Dracula</subfield>
    <subfield code="e">traduction intégrale</subfield>
    <subfield code="f">Bram Stoker</subfield>
    <subfield code="g">traduit de l&apos;anglais par Jacques Sirgent</subfield>
  </datafield>
  <datafield tag="214" ind1=" " ind2="0">
    <subfield code="a">Paris</subfield>
    <subfield code="c">J&apos;ai lu</subfield>
  </datafield>
  <datafield tag="214" ind1=" " ind2="3">
    <subfield code="a">Slovaquie</subfield>
    <subfield code="d">2012</subfield>
  </datafield>
  <datafield tag="215" ind1=" " ind2=" ">
    <subfield code="a">1 volume (679 pages)</subfield>
    <subfield code="c">couverture illustrée en couleur</subfield>
    <subfield code="d"> 18 cm</subfield>
  </datafield>
  <datafield tag="225" ind1="2" ind2=" ">
    <subfield code="a">J&apos;ai lu</subfield>
    <subfield code="i">Fantastique</subfield>
  </datafield>
  <datafield tag="308" ind1=" " ind2=" ">
    <subfield code="a">Numéro dans la collection principale : 10070</subfield>
  </datafield>
  <datafield tag="410" ind1=" " ind2="0">
    <subfield code="0">38839512</subfield>
    <subfield code="t"> J&apos;ai lu. Fantastique</subfield>
    <subfield code="x">1633-9541</subfield>
    <subfield code="d">2012</subfield>
  </datafield>
  <datafield tag="410" ind1=" " ind2="0">
    <subfield code="0">34229028</subfield>
    <subfield code="t">J&apos;ai lu</subfield>
    <subfield code="x">0291-3623</subfield>
    <subfield code="v">10070</subfield>
  </datafield>
  <datafield tag="577" ind1="1" ind2="1">
    <subfield code="3">UMLRM0041</subfield>
    <subfield code="7">ba0yba0y</subfield>
    <subfield code="8">freeng</subfield>
    <subfield code="a">Stoker, Bram (1847-1912)</subfield>
    <subfield code="t">Dracula</subfield>
    <subfield code="m">Français</subfield>
    <subfield code="w">Sirgent</subfield>
    <subfield code="n">Texte noté</subfield>
  </datafield>
  <datafield tag="801" ind1=" " ind2="0">
    <subfield code="a">FR</subfield>
    <subfield code="b">FR-341725402</subfield>
    <subfield code="c">20220809</subfield>
    <subfield code="g">RDA-FR</subfield>
    <subfield code="h">FRBNF42766364000000X</subfield>
  </datafield>
</record>