
<record format="UNIMARC" type="Bibliographic">
  <leader>00863cam  2200241 i 4500</leader>
  <controlfield tag="001">UMLRM0045</controlfield>
  <controlfield tag="005">20220919######.D</controlfield>
  <datafield tag="010" ind1=" " ind2=" ">
    <subfield code="b">Broché</subfield>
    <subfield code="d">36€</subfield>
  </datafield>
  <datafield tag="073" ind1=" " ind2="0">
    <subfield code="a">9782357790551</subfield>
  </datafield>
  <datafield tag="100" ind1=" " ind2=" ">
    <subfield code="a">20220919d2010    x  y0frey50      ba</subfield>
  </datafield>
  <datafield tag="102" ind1=" " ind2=" ">
    <subfield code="a">FR</subfield>
  </datafield>
  <datafield tag="181" ind1=" " ind2=" ">
    <subfield code="a">i </subfield>
    <subfield code="b">axxe</subfield>
  </datafield>
  <datafield tag="182" ind1=" " ind2=" ">
    <subfield code="a">n</subfield>
  </datafield>
  <datafield tag="183" ind1=" " ind2=" ">
    <subfield code="a">nga</subfield>
    <subfield code="2">RDAfrCarrier</subfield>
  </datafield>
  <datafield tag="200" ind1=" " ind2="1">
    <subfield code="a">Dracula</subfield>
    <subfield code="f">Bram Stoker</subfield>
    <subfield code="g">traduit de l&apos;anglais pas Jacques Sirgent</subfield>
  </datafield>
  <datafield tag="205" ind1=" " ind2=" ">
    <subfield code="a">Nouvelle traduction</subfield>
  </datafield>
  <datafield tag="214" ind1=" " ind2="0">
    <subfield code="a">Rosières-en-Haye</subfield>
    <subfield code="c">Le camion blanc</subfield>
  </datafield>
  <datafield tag="214" ind1=" " ind2="3">
    <subfield code="a">91-Les Ulis</subfield>
    <subfield code="c">Imprimerie Acort Europe</subfield>
    <subfield code="d">2010</subfield>
  </datafield>
  <datafield tag="215" ind1=" " ind2=" ">
    <subfield code="a">1 volume (741 pages)</subfield>
    <subfield code="c">couverture illustrée en couleur</subfield>
    <subfield code="d">21 cm</subfield>
  </datafield>
  <datafield tag="225" ind1="2" ind2=" ">
    <subfield code="a">Camion noir</subfield>
    <subfield code="v">CN42</subfield>
  </datafield>
  <datafield tag="410" ind1=" " ind2="0">
    <subfield code="0">40115758</subfield>
    <subfield code="t"> Camion noir</subfield>
    <subfield code="x">1950-0270</subfield>
    <subfield code="v">42</subfield>
  </datafield>
  <datafield tag="577" ind1="1" ind2="1">
    <subfield code="3">UMLRM0041</subfield>
    <subfield code="7">ba0yba0y</subfield>
    <subfield code="8">freeng</subfield>
    <subfield code="a">Stoker, Bram (1847-1912)</subfield>
    <subfield code="t">Dracula</subfield>
    <subfield code="m">Français</subfield>
    <subfield code="w">Sirgent</subfield>
    <subfield code="n">Texte noté</subfield>
  </datafield>
  <datafield tag="801" ind1=" " ind2="0">
    <subfield code="a">FR</subfield>
    <subfield code="b">FR-751131015</subfield>
    <subfield code="c">20220919</subfield>
    <subfield code="g">RDA-FR</subfield>
    <subfield code="h">FRBNF421875830000001</subfield>
  </datafield>
</record>