
<record format="UNIMARC" type="Bibliographic">
  <leader>00662cam  2200181 i 4500</leader>
  <controlfield tag="001">UMLRM0051</controlfield>
  <controlfield tag="005">20220930######.D</controlfield>
  <datafield tag="010" ind1=" " ind2=" ">
    <subfield code="a">978-2-36394-134-3</subfield>
    <subfield code="b">Relié</subfield>
    <subfield code="d">11,90 EUR</subfield>
  </datafield>
  <datafield tag="100" ind1=" " ind2=" ">
    <subfield code="a">20220930d2013    x  y0frey50      ba</subfield>
  </datafield>
  <datafield tag="181" ind1=" " ind2=" ">
    <subfield code="a">i </subfield>
    <subfield code="b">axxe</subfield>
  </datafield>
  <datafield tag="182" ind1=" " ind2=" ">
    <subfield code="a">n</subfield>
  </datafield>
  <datafield tag="183" ind1=" " ind2=" ">
    <subfield code="a">nga</subfield>
    <subfield code="2">RDAfrCarrier</subfield>
  </datafield>
  <datafield tag="200" ind1="1" ind2=" ">
    <subfield code="a">Dracula</subfield>
    <subfield code="f">Bram Stoker</subfield>
    <subfield code="g">traduit de l&apos;anglais par Jacques Finné</subfield>
  </datafield>
  <datafield tag="214" ind1=" " ind2="0">
    <subfield code="a">[Paris]</subfield>
    <subfield code="c">Pointdeux</subfield>
    <subfield code="d">DL 2013</subfield>
  </datafield>
  <datafield tag="214" ind1=" " ind2="3">
    <subfield code="a">Pays-Bas</subfield>
  </datafield>
  <datafield tag="215" ind1=" " ind2=" ">
    <subfield code="a">1 volume (919 pages)</subfield>
    <subfield code="c">couverture illustrée</subfield>
    <subfield code="d">9 x 12 cm</subfield>
  </datafield>
  <datafield tag="577" ind1="1" ind2="1">
    <subfield code="3">UMLRM0050</subfield>
    <subfield code="7">ba0yba0y</subfield>
    <subfield code="8">freeng</subfield>
    <subfield code="a">Stoker, Bram (1847-1912)</subfield>
    <subfield code="t">Dracula</subfield>
    <subfield code="m">Français</subfield>
    <subfield code="w">Finné</subfield>
    <subfield code="n">Texte noté</subfield>
  </datafield>
  <datafield tag="801" ind1=" " ind2="0">
    <subfield code="a">FR</subfield>
    <subfield code="b">FR-751052119</subfield>
    <subfield code="c">20220930</subfield>
    <subfield code="g">RDA-FR</subfield>
    <subfield code="h">FRBNF435396370000008</subfield>
  </datafield>
</record>