
<record format="UNIMARC" type="Bibliographic">
  <leader>00966cam  2200217 i 4500</leader>
  <controlfield tag="001">UMLRM0057</controlfield>
  <controlfield tag="005">20221007######.D</controlfield>
  <datafield tag="100" ind1=" " ind2=" ">
    <subfield code="a">20221003d1920    x  y0frey50      ba</subfield>
  </datafield>
  <datafield tag="102" ind1=" " ind2=" ">
    <subfield code="a">FR</subfield>
  </datafield>
  <datafield tag="181" ind1=" " ind2=" ">
    <subfield code="a">i </subfield>
    <subfield code="b">axxe</subfield>
  </datafield>
  <datafield tag="182" ind1=" " ind2=" ">
    <subfield code="a">n</subfield>
  </datafield>
  <datafield tag="183" ind1=" " ind2=" ">
    <subfield code="a">nga</subfield>
    <subfield code="2">RDAfrCarrier</subfield>
  </datafield>
  <datafield tag="200" ind1="1" ind2=" ">
    <subfield code="a">Dracula</subfield>
    <subfield code="e">l’homme de la nuit</subfield>
    <subfield code="f">Brahm Stoker</subfield>
    <subfield code="g">traduit de l&apos;anglais par Ève et Lucie Paul-Margueritte</subfield>
  </datafield>
  <datafield tag="214" ind1=" " ind2="0">
    <subfield code="a">Paris</subfield>
    <subfield code="c">l’Édition française illustrée</subfield>
    <subfield code="d">1920</subfield>
  </datafield>
  <datafield tag="215" ind1=" " ind2=" ">
    <subfield code="a">1 volume (263 pages)</subfield>
    <subfield code="c">couverture illustrée</subfield>
    <subfield code="d">in-16</subfield>
  </datafield>
  <datafield tag="225" ind1="1" ind2=" ">
    <subfield code="a">Collection littéraire des romans étrangers</subfield>
  </datafield>
  <datafield tag="304" ind1=" " ind2=" ">
    <subfield code="a">Coquille dans le prénom de l’auteur. Orthographe correcte : Bram Stoker</subfield>
  </datafield>
  <datafield tag="307" ind1=" " ind2=" ">
    <subfield code="a">Couverture illustrée par Pierre Falké</subfield>
  </datafield>
  <datafield tag="702" ind1=" " ind2="1">
    <subfield code="3">12363015</subfield>
    <subfield code="7">ba0yba0y</subfield>
    <subfield code="8">frefre</subfield>
    <subfield code="o">ISNI 0000 0001 2280 4104</subfield>
    <subfield code="a">Falké</subfield>
    <subfield code="b">Pierre</subfield>
    <subfield code="4">440</subfield>
  </datafield>
  <datafield tag="577" ind1="1" ind2="1">
    <subfield code="3">UMLRM0056</subfield>
    <subfield code="7">ba0yba0y</subfield>
    <subfield code="8">freeng</subfield>
    <subfield code="a">Stoker, Bram (1847-1912)</subfield>
    <subfield code="t">Dracula</subfield>
    <subfield code="m">Français</subfield>
    <subfield code="w">Paul-Margueritte</subfield>
    <subfield code="n">Texte noté</subfield>
  </datafield>
  <datafield tag="801" ind1=" " ind2="0">
    <subfield code="a">FR</subfield>
    <subfield code="b">FR-751052119</subfield>
    <subfield code="c">20221003</subfield>
    <subfield code="g">RDA-FR</subfield>
    <subfield code="h">FRBNF314099020000000</subfield>
  </datafield>
</record>