
<record format="UNIMARC" type="Bibliographic">
  <leader>01057cam  2200205 i 4500</leader>
  <controlfield tag="001">UMLRM0060</controlfield>
  <controlfield tag="005">20221007######.D</controlfield>
  <datafield tag="100" ind1=" " ind2=" ">
    <subfield code="a">20221003d1932    x  y0frey50      ba</subfield>
  </datafield>
  <datafield tag="102" ind1=" " ind2=" ">
    <subfield code="a">FR</subfield>
  </datafield>
  <datafield tag="181" ind1=" " ind2=" ">
    <subfield code="a">i </subfield>
    <subfield code="b">axxe  </subfield>
    <subfield code="a">b </subfield>
    <subfield code="b">xb2e</subfield>
  </datafield>
  <datafield tag="182" ind1=" " ind2=" ">
    <subfield code="a">n</subfield>
  </datafield>
  <datafield tag="183" ind1=" " ind2=" ">
    <subfield code="a">nga</subfield>
    <subfield code="2">RDAfrCarrier</subfield>
  </datafield>
  <datafield tag="200" ind1="1" ind2=" ">
    <subfield code="a">Dracula</subfield>
    <subfield code="e">l’homme de la nuit</subfield>
    <subfield code="e"> roman traduit par Ève et Lucie Paul-Margueritte et illustré de nombreuses photographies du film &quot;Dracula&quot;</subfield>
    <subfield code="f">Brahm Stoker</subfield>
  </datafield>
  <datafield tag="214" ind1=" " ind2="0">
    <subfield code="a">Paris</subfield>
    <subfield code="c">Éditions J. Tallandier</subfield>
    <subfield code="d">1932</subfield>
  </datafield>
  <datafield tag="215" ind1=" " ind2=" ">
    <subfield code="a">1 volume (96 pages – planches non numérotées)</subfield>
    <subfield code="c">couverture illustrée en couleur</subfield>
    <subfield code="d">24 cm</subfield>
  </datafield>
  <datafield tag="225" ind1="1" ind2=" ">
    <subfield code="a">Cinéma-Bibliothèque</subfield>
    <subfield code="v">N° 52</subfield>
  </datafield>
  <datafield tag="304" ind1=" " ind2=" ">
    <subfield code="a">Coquille dans le prénom de l’auteur. Orthographe correcte : Bram Stoker</subfield>
  </datafield>
  <datafield tag="577" ind1="1" ind2="1">
    <subfield code="3">UMLRM0059</subfield>
    <subfield code="7">ba0yba0y</subfield>
    <subfield code="8">freeng</subfield>
    <subfield code="a">Stoker, Bram (1847-1912)</subfield>
    <subfield code="t">Dracula</subfield>
    <subfield code="m">Français</subfield>
    <subfield code="w">Paul-Margueritte</subfield>
    <subfield code="l">Version abrégée</subfield>
    <subfield code="n">Texte noté</subfield>
  </datafield>
  <datafield tag="577" ind1="1" ind2="1">
    <subfield code="3">UMLRM0153</subfield>
    <subfield code="7">ba0yba0y</subfield>
    <subfield code="8">frefre</subfield>
    <subfield code="a">[Photographies extraites du film « Dracula » de Tod Browning]</subfield>
    <subfield code="k">Tallandier</subfield>
    <subfield code="d">1932</subfield>
    <subfield code="n">Image fixe</subfield>
  </datafield>
  <datafield tag="801" ind1=" " ind2="0">
    <subfield code="a">FR</subfield>
    <subfield code="b">FR-751052119</subfield>
    <subfield code="c">20221007</subfield>
    <subfield code="g">RDA-FR</subfield>
    <subfield code="h">FRBNF314099030000008</subfield>
  </datafield>
</record>