
<record format="UNIMARC" type="Bibliographic">
  <leader>00718nam  2200181 i 4500</leader>
  <controlfield tag="001">UMLRM0063</controlfield>
  <datafield tag="100" ind1=" " ind2=" ">
    <subfield code="a">20221003d1946    x  y0frey50      ba</subfield>
  </datafield>
  <datafield tag="102" ind1=" " ind2=" ">
    <subfield code="a">FR</subfield>
  </datafield>
  <datafield tag="181" ind1=" " ind2=" ">
    <subfield code="a">i </subfield>
    <subfield code="b">axxe</subfield>
  </datafield>
  <datafield tag="182" ind1=" " ind2=" ">
    <subfield code="a">n</subfield>
  </datafield>
  <datafield tag="183" ind1=" " ind2=" ">
    <subfield code="a">nga</subfield>
    <subfield code="2">RDAfrCarrier</subfield>
  </datafield>
  <datafield tag="200" ind1="1" ind2=" ">
    <subfield code="a">Dracula</subfield>
    <subfield code="f">Bram Stoker</subfield>
    <subfield code="g">traduit de l’anglais par Ève et Lucie Paul-Margueritte</subfield>
  </datafield>
  <datafield tag="214" ind1=" " ind2="0">
    <subfield code="a">Paris</subfield>
    <subfield code="c">les Éditions des Quatre-vents</subfield>
    <subfield code="d">1946</subfield>
  </datafield>
  <datafield tag="215" ind1=" " ind2=" ">
    <subfield code="a">1 volume (344 pages)</subfield>
    <subfield code="c">couverture illustrée</subfield>
    <subfield code="d">ln-16</subfield>
  </datafield>
  <datafield tag="225" ind1="2" ind2=" ">
    <subfield code="a">Les maîtres du fantastique</subfield>
  </datafield>
  <datafield tag="410" ind1=" " ind2="0">
    <subfield code="3">41154469</subfield>
    <subfield code="t">Les Maîtres du Fantastique</subfield>
    <subfield code="d">1946</subfield>
  </datafield>
  <datafield tag="577" ind1="1" ind2="1">
    <subfield code="3">UMLRM0056</subfield>
    <subfield code="7">ba0yba0y</subfield>
    <subfield code="8">freeng</subfield>
    <subfield code="a">Stoker, Bram (1847-1912)</subfield>
    <subfield code="t">Dracula</subfield>
    <subfield code="m">Français</subfield>
    <subfield code="w">Paul-Margueritte</subfield>
    <subfield code="n">Texte noté</subfield>
  </datafield>
  <datafield tag="801" ind1=" " ind2="0">
    <subfield code="a">FR</subfield>
    <subfield code="b">FR-751052119</subfield>
    <subfield code="c">20221003</subfield>
    <subfield code="g">RDA-FR</subfield>
    <subfield code="h">FRBNF314099040000005</subfield>
  </datafield>
</record>