
<record format="UNIMARC" type="Bibliographic">
  <leader>00651cam  2200193 i 4500</leader>
  <controlfield tag="001">UMLRM0066</controlfield>
  <controlfield tag="005">20220929######.D</controlfield>
  <datafield tag="010" ind1=" " ind2=" ">
    <subfield code="a">979-10-208-0506-5</subfield>
    <subfield code="b">Broché</subfield>
    <subfield code="d">6 EUR</subfield>
  </datafield>
  <datafield tag="100" ind1=" " ind2=" ">
    <subfield code="a">20170922d2017    x  y0frey50      ba</subfield>
  </datafield>
  <datafield tag="102" ind1=" " ind2=" ">
    <subfield code="a">FR</subfield>
  </datafield>
  <datafield tag="181" ind1=" " ind2=" ">
    <subfield code="a">i</subfield>
    <subfield code="b">axxe</subfield>
  </datafield>
  <datafield tag="182" ind1=" " ind2=" ">
    <subfield code="a">n</subfield>
  </datafield>
  <datafield tag="183" ind1=" " ind2=" ">
    <subfield code="a">nga</subfield>
    <subfield code="2">RDAfrCarrier</subfield>
  </datafield>
  <datafield tag="200" ind1="1" ind2=" ">
    <subfield code="a">Drácula</subfield>
    <subfield code="f">Bram Stoker</subfield>
  </datafield>
  <datafield tag="214" ind1=" " ind2="0">
    <subfield code="a">Rungis</subfield>
    <subfield code="c">Maxtor</subfield>
    <subfield code="d">DL 2017</subfield>
  </datafield>
  <datafield tag="215" ind1=" " ind2=" ">
    <subfield code="a">1 volume (540 pages)</subfield>
    <subfield code="c">couverture illustrée en couleur</subfield>
    <subfield code="d">18 cm</subfield>
  </datafield>
  <datafield tag="225" ind1="1" ind2=" ">
    <subfield code="a">Clásicos Universales Maxtor</subfield>
  </datafield>
  <datafield tag="577" ind1="1" ind2="1">
    <subfield code="3">UMLRM0065</subfield>
    <subfield code="7">ba0yba0y</subfield>
    <subfield code="8">freeng</subfield>
    <subfield code="a">Stoker, Bram (1847-1912)</subfield>
    <subfield code="t">Dracula</subfield>
    <subfield code="m">Espagnol</subfield>
    <subfield code="n">Texte noté</subfield>
  </datafield>
  <datafield tag="801" ind1=" " ind2="0">
    <subfield code="a">FR</subfield>
    <subfield code="b">FR-751131015</subfield>
    <subfield code="c">20220929</subfield>
    <subfield code="g">RDA-FR</subfield>
    <subfield code="t">FRBNF453541920000005</subfield>
  </datafield>
</record>