
<record format="UNIMARC" type="Bibliographic">
  <leader>01768nam  2200229 i 4500</leader>
  <controlfield tag="001">UMLRM0069</controlfield>
  <datafield tag="010" ind1=" " ind2=" ">
    <subfield code="a">978-2-211-30470-2</subfield>
    <subfield code="b">Broché</subfield>
    <subfield code="d">5,50 EUR</subfield>
  </datafield>
  <datafield tag="100" ind1=" " ind2=" ">
    <subfield code="a">20220819d2015    x  y0frey50      ba</subfield>
  </datafield>
  <datafield tag="102" ind1=" " ind2=" ">
    <subfield code="a">FR</subfield>
  </datafield>
  <datafield tag="181" ind1=" " ind2=" ">
    <subfield code="a">i </subfield>
    <subfield code="b">axxe</subfield>
  </datafield>
  <datafield tag="182" ind1=" " ind2=" ">
    <subfield code="a">n</subfield>
  </datafield>
  <datafield tag="183" ind1=" " ind2=" ">
    <subfield code="a">nga</subfield>
    <subfield code="2">RDAfrCarrier</subfield>
  </datafield>
  <datafield tag="200" ind1="1" ind2=" ">
    <subfield code="a">Dracula</subfield>
    <subfield code="f">Bram Stoker</subfield>
    <subfield code="g">traduit de l&apos;anglais par Lucienne Molitor</subfield>
    <subfield code="g">abrégé par Boris Moissard</subfield>
  </datafield>
  <datafield tag="214" ind1=" " ind2="0">
    <subfield code="a">Paris</subfield>
    <subfield code="c">l&apos;École des loisirs</subfield>
    <subfield code="d">DL 2019</subfield>
  </datafield>
  <datafield tag="214" ind1=" " ind2="3">
    <subfield code="a">27-Mesnil-sur-l&apos;Estrée</subfield>
    <subfield code="c">Imprimerie CPI Firmin-Didot</subfield>
  </datafield>
  <datafield tag="215" ind1=" " ind2=" ">
    <subfield code="a">1 volume (232 pages)</subfield>
    <subfield code="c">couverture illustrée</subfield>
    <subfield code="d">19 cm</subfield>
  </datafield>
  <datafield tag="225" ind1="0" ind2=" ">
    <subfield code="a">Classiques</subfield>
    <subfield code="e">texte abrégé</subfield>
  </datafield>
  <datafield tag="305" ind1=" " ind2=" ">
    <subfield code="a">Autre tirage : 2020</subfield>
  </datafield>
  <datafield tag="330" ind1=" " ind2=" ">
    <subfield code="a">Jonathan Harker, jeune clerc de notaire britannique, est envoyé par son étude dans un sinistre château de Transylvanie afin d&apos;y négocier avec un certain comte Dracula l&apos;achat d&apos;une propriété en Angleterre. Il ne tarde pas à découvrir l&apos;effroyable secret de son hôte : cette créature est un mort-vivant, un vampire qui repose dans un cercueil dont il sort la nuit pour étancher sa soif de sang - et le jeune homme est son prisonnier. Le comte Dracula part pour l&apos;Angleterre où il choisit pour première victime Lucy, amie de la fiancée de Jonathan, avant de s&apos;attaquer à la fiancée elle-même... Un roman gothique au procédé narratif novateur : lettres, extraits du journal de Jonathan, articles de presse, et même transcription d&apos;enregistrements phonographiques ! La chasse au vampire est ouverte....‎</subfield>
    <subfield code="2">éditeur</subfield>
  </datafield>
  <datafield tag="410" ind1=" " ind2="0">
    <subfield code="0">45544536</subfield>
    <subfield code="t">Classiques (École des loisirs)</subfield>
    <subfield code="x">2610-2099</subfield>
    <subfield code="d">2019</subfield>
  </datafield>
  <datafield tag="577" ind1="1" ind2="1">
    <subfield code="3">UMLRM0068</subfield>
    <subfield code="7">ba0yba0y</subfield>
    <subfield code="8">freeng</subfield>
    <subfield code="a">Stoker, Bram (1847-1912)</subfield>
    <subfield code="t">Dracula</subfield>
    <subfield code="m">Français</subfield>
    <subfield code="w">Molitor</subfield>
    <subfield code="l">Version abrégée</subfield>
    <subfield code="w">Moissard</subfield>
    <subfield code="n">Texte noté</subfield>
  </datafield>
  <datafield tag="801" ind1=" " ind2="0">
    <subfield code="a">FR</subfield>
    <subfield code="b">FR-751131015</subfield>
    <subfield code="c">20220819</subfield>
    <subfield code="g">RDA-FR</subfield>
    <subfield code="h">FRBNF45795045000000X</subfield>
  </datafield>
</record>