
<record format="UNIMARC" type="Bibliographic">
  <leader>00656nam  2200169 i 4500</leader>
  <controlfield tag="001">UMLRM0072</controlfield>
  <datafield tag="010" ind1=" " ind2=" ">
    <subfield code="a">0-297-81331-5</subfield>
    <subfield code="b">Relié</subfield>
  </datafield>
  <datafield tag="100" ind1=" " ind2=" ">
    <subfield code="a">20050407d1996    x  y0frey50      ba</subfield>
  </datafield>
  <datafield tag="102" ind1=" " ind2=" ">
    <subfield code="a">GB</subfield>
  </datafield>
  <datafield tag="181" ind1=" " ind2=" ">
    <subfield code="a">i </subfield>
    <subfield code="b">axxe</subfield>
  </datafield>
  <datafield tag="182" ind1=" " ind2=" ">
    <subfield code="a">n</subfield>
  </datafield>
  <datafield tag="183" ind1=" " ind2=" ">
    <subfield code="a">nga</subfield>
    <subfield code="2">RDAfrCarrier</subfield>
  </datafield>
  <datafield tag="200" ind1="1" ind2=" ">
    <subfield code="a">Bram Stoker</subfield>
    <subfield code="e">a biography of the author of &quot;&quot;Dracula&quot;&quot;</subfield>
    <subfield code="f">Barbara Belford</subfield>
  </datafield>
  <datafield tag="214" ind1=" " ind2="0">
    <subfield code="a">London</subfield>
    <subfield code="c">Weidenfeld and Nicolson</subfield>
    <subfield code="d">1996</subfield>
  </datafield>
  <datafield tag="215" ind1=" " ind2=" ">
    <subfield code="a">1 volume(XV-381 pages)</subfield>
    <subfield code="c">couverture illustrée</subfield>
    <subfield code="d">25 cm</subfield>
  </datafield>
  <datafield tag="577" ind1="1" ind2="1">
    <subfield code="3">UMLRM0071</subfield>
    <subfield code="7">ba0yba0y</subfield>
    <subfield code="8">freeng</subfield>
    <subfield code="a">Belford, Barbara</subfield>
    <subfield code="t">Bram Stoker : a biography of the author of &quot;Dracula&quot;</subfield>
    <subfield code="m">Anglais</subfield>
    <subfield code="n">Texte noté</subfield>
  </datafield>
  <datafield tag="801" ind1=" " ind2="0">
    <subfield code="a">FR</subfield>
    <subfield code="b">FR-751131015</subfield>
    <subfield code="c">20220808</subfield>
    <subfield code="g">RDA-FR</subfield>
    <subfield code="h">FRBNF399495960000008</subfield>
  </datafield>
</record>