
<record format="UNIMARC" type="Bibliographic">
  <leader>01242cam  2200277 i 4500</leader>
  <controlfield tag="001">UMLRM0077</controlfield>
  <controlfield tag="005">20221004######.D</controlfield>
  <datafield tag="010" ind1=" " ind2=" ">
    <subfield code="a">978-2-266-21954-9</subfield>
    <subfield code="b">Broché</subfield>
    <subfield code="d">4,70 EUR</subfield>
  </datafield>
  <datafield tag="073" ind1=" " ind2="0">
    <subfield code="a">9782266219549</subfield>
  </datafield>
  <datafield tag="100" ind1=" " ind2=" ">
    <subfield code="a">20221004d2011    xy0frey50      ba</subfield>
  </datafield>
  <datafield tag="102" ind1=" " ind2=" ">
    <subfield code="a">FR</subfield>
  </datafield>
  <datafield tag="181" ind1=" " ind2=" ">
    <subfield code="a">i </subfield>
    <subfield code="b">axxe</subfield>
  </datafield>
  <datafield tag="182" ind1=" " ind2=" ">
    <subfield code="a">n</subfield>
  </datafield>
  <datafield tag="183" ind1=" " ind2=" ">
    <subfield code="a">nga</subfield>
    <subfield code="2">RDAfrCarrier</subfield>
  </datafield>
  <datafield tag="200" ind1="1" ind2=" ">
    <subfield code="a">Dracula</subfield>
    <subfield code="a">suivi de L&apos;invité de Dracula</subfield>
    <subfield code="f">Bram Stoker</subfield>
    <subfield code="g">traduction de Jacques Finné</subfield>
    <subfield code="g">présentation et commentaires de Claude Aziza</subfield>
  </datafield>
  <datafield tag="214" ind1=" " ind2="0">
    <subfield code="a">Paris</subfield>
    <subfield code="c">Pocket</subfield>
  </datafield>
  <datafield tag="214" ind1=" " ind2="3">
    <subfield code="a">72-La Flèche</subfield>
    <subfield code="g">Imprimerie CPI Brodard &amp; Taupin</subfield>
    <subfield code="d">2011</subfield>
  </datafield>
  <datafield tag="215" ind1=" " ind2=" ">
    <subfield code="a">1 volume (575 pages)</subfield>
    <subfield code="c">couverture illustrée</subfield>
    <subfield code="d">18 cm</subfield>
  </datafield>
  <datafield tag="225" ind1="0" ind2=" ">
    <subfield code="a">Pocket</subfield>
    <subfield code="x">0244-6405</subfield>
    <subfield code="v">4669</subfield>
  </datafield>
  <datafield tag="320" ind1=" " ind2=" ">
    <subfield code="a">Bibliographie, pages 567-569</subfield>
    <subfield code="a">Filmographie, pages 571-573</subfield>
  </datafield>
  <datafield tag="410" ind1=" " ind2="0">
    <subfield code="0">34228117</subfield>
    <subfield code="t">Presses pocket (Paris)</subfield>
    <subfield code="x">0244-6405</subfield>
    <subfield code="v">4669</subfield>
  </datafield>
  <datafield tag="423" ind1=" " ind2="0">
    <subfield code="t">L’invité de Dracula</subfield>
  </datafield>
  <datafield tag="577" ind1="1" ind2="1">
    <subfield code="3">UMLRM0050</subfield>
    <subfield code="7">ba0yba0y</subfield>
    <subfield code="8">freeng</subfield>
    <subfield code="a">Stoker, Bram (1847-1912)</subfield>
    <subfield code="t">Dracula</subfield>
    <subfield code="m">Français</subfield>
    <subfield code="w">Finné</subfield>
    <subfield code="n">Texte noté</subfield>
  </datafield>
  <datafield tag="577" ind1="1" ind2="1">
    <subfield code="3">UMLRM0076</subfield>
    <subfield code="7">ba0yba0y</subfield>
    <subfield code="8">freeng</subfield>
    <subfield code="a">Stoker, Bram (1847-1912)</subfield>
    <subfield code="t">Dracula’s guest</subfield>
    <subfield code="m">Français</subfield>
    <subfield code="w">Finné</subfield>
    <subfield code="n">Texte noté</subfield>
  </datafield>
  <datafield tag="702" ind1=" " ind2="1">
    <subfield code="3">11889738</subfield>
    <subfield code="7">ba0yba0y</subfield>
    <subfield code="8">frefre</subfield>
    <subfield code="o">ISNI 0000 0001 1044 3110</subfield>
    <subfield code="a">Aziza</subfield>
    <subfield code="b">Claude</subfield>
    <subfield code="f">1937-....</subfield>
    <subfield code="4">340</subfield>
  </datafield>
  <datafield tag="801" ind1=" " ind2="0">
    <subfield code="a">FR</subfield>
    <subfield code="b">FR-751052119</subfield>
    <subfield code="c">20221030</subfield>
    <subfield code="g">RDA-FR</subfield>
    <subfield code="h">FRBNF425150460000007</subfield>
  </datafield>
</record>