
<record format="UNIMARC" type="Bibliographic">
  <leader>00998ngm  2200253 i 4500</leader>
  <controlfield tag="001">UMLRM0080</controlfield>
  <datafield tag="071" ind1="4" ind2="1">
    <subfield code="a">SRLP 5041-2</subfield>
    <subfield code="c">Sony pictures entertainment</subfield>
  </datafield>
  <datafield tag="073" ind1=" " ind2="0">
    <subfield code="a">4988009704159</subfield>
  </datafield>
  <datafield tag="100" ind1=" " ind2=" ">
    <subfield code="a">20120710d1993    x  y0frey50      ba</subfield>
  </datafield>
  <datafield tag="102" ind1=" " ind2=" ">
    <subfield code="a"> US</subfield>
  </datafield>
  <datafield tag="115" ind1=" " ind2=" ">
    <subfield code="a">c   baizxux    bgxxb</subfield>
  </datafield>
  <datafield tag="181" ind1=" " ind2=" ">
    <subfield code="6">01</subfield>
    <subfield code="a">b</subfield>
    <subfield code="b">xa2ae</subfield>
  </datafield>
  <datafield tag="181" ind1=" " ind2=" ">
    <subfield code="6">02</subfield>
    <subfield code="c">tdi</subfield>
    <subfield code="2">rda-frcontent</subfield>
  </datafield>
  <datafield tag="182" ind1=" " ind2=" ">
    <subfield code="6">01</subfield>
    <subfield code="a">g</subfield>
  </datafield>
  <datafield tag="182" ind1=" " ind2=" ">
    <subfield code="6">02</subfield>
    <subfield code="c">v</subfield>
    <subfield code="2">rda-frmedia</subfield>
  </datafield>
  <datafield tag="183" ind1=" " ind2=" ">
    <subfield code="6">02</subfield>
    <subfield code="a">vcc</subfield>
    <subfield code="2">rda-frcarrier</subfield>
  </datafield>
  <datafield tag="200" ind1="1" ind2=" ">
    <subfield code="a">Bram Stoker&apos;s Dracula</subfield>
    <subfield code="e">a Francis Ford Coppola film</subfield>
    <subfield code="f">Gary Oldman, Winona Ryder, Anthony Hopkins... [et autres], [acteurs]</subfield>
    <subfield code="g">[James V. Hart, scénario]</subfield>
    <subfield code="g">[Wojciech Kilar, compositeur]</subfield>
  </datafield>
  <datafield tag="214" ind1=" " ind2="0">
    <subfield code="a">Tokyo</subfield>
    <subfield code="c">Sony pictures entertainment</subfield>
    <subfield code="d">1993</subfield>
  </datafield>
  <datafield tag="214" ind1=" " ind2="4">
    <subfield code="d">1992</subfield>
  </datafield>
  <datafield tag="215" ind1=" " ind2=" ">
    <subfield code="a">2 LaserDiscs</subfield>
    <subfield code="c"> 4/3, NTSC</subfield>
  </datafield>
  <datafield tag="304" ind1=" " ind2=" ">
    <subfield code="a">Notice rédigée d&apos;après la jaquette</subfield>
  </datafield>
  <datafield tag="306" ind1=" " ind2=" ">
    <subfield code="a">Siège de Sony pictures entertainment : Culver City en Californie</subfield>
  </datafield>
  <datafield tag="507" ind1=" " ind2=" ">
    <subfield code="3">UMLRM0079</subfield>
    <subfield code="a">Bram Stoker&apos;s Dracula</subfield>
    <subfield code="c">film</subfield>
    <subfield code="m">Anglais</subfield>
  </datafield>
  <datafield tag="801" ind1=" " ind2="0">
    <subfield code="a">FR</subfield>
    <subfield code="b">FR-141186101</subfield>
    <subfield code="c"> 20220728</subfield>
    <subfield code="g">RDA-FR</subfield>
    <subfield code="h">FRBNF427059360000001</subfield>
  </datafield>
</record>