
<record format="UNIMARC" type="Bibliographic">
  <leader>00761cam  2200181 i 4500</leader>
  <controlfield tag="001">UMLRM0083</controlfield>
  <controlfield tag="005">20220926</controlfield>
  <datafield tag="010" ind1=" " ind2=" ">
    <subfield code="a">2-7298-2533-9</subfield>
    <subfield code="b">Broché</subfield>
    <subfield code="d">21,50 EUR</subfield>
  </datafield>
  <datafield tag="100" ind1=" " ind2=" ">
    <subfield code="a">20220926d2005    x  y0frey50      ba</subfield>
  </datafield>
  <datafield tag="181" ind1=" " ind2=" ">
    <subfield code="a">i3</subfield>
    <subfield code="b">axxe</subfield>
  </datafield>
  <datafield tag="182" ind1=" " ind2=" ">
    <subfield code="a">n</subfield>
  </datafield>
  <datafield tag="183" ind1=" " ind2=" ">
    <subfield code="a">nga</subfield>
    <subfield code="2">RDAfrCarrier</subfield>
  </datafield>
  <datafield tag="200" ind1="1" ind2=" ">
    <subfield code="a">&quot;Dracula&quot;</subfield>
    <subfield code="e">l&apos;oeuvre de Bram Stoker et le film de Francis F. Coppola</subfield>
    <subfield code="f">ouvrage dirigé par Gilles Menegaldo et Dominique Sipière</subfield>
  </datafield>
  <datafield tag="214" ind1=" " ind2="0">
    <subfield code="a">Paris</subfield>
    <subfield code="c">Ellipses</subfield>
  </datafield>
  <datafield tag="214" ind1=" " ind2="3">
    <subfield code="a">86-Ligugé</subfield>
    <subfield code="c">Aubin imprimeur</subfield>
    <subfield code="d">2005</subfield>
  </datafield>
  <datafield tag="215" ind1=" " ind2=" ">
    <subfield code="a">1 volume (379 pages)</subfield>
    <subfield code="c">couverture illustrée</subfield>
    <subfield code="d">24 cm</subfield>
  </datafield>
  <datafield tag="507" ind1="1" ind2=" ">
    <subfield code="3">UMLRM0082</subfield>
    <subfield code="7">ba0yba0y</subfield>
    <subfield code="8">frefre</subfield>
    <subfield code="a">&quot;Dracula&quot; : l&apos;oeuvre de Bram Stoker et le film de Francis F. Coppola</subfield>
    <subfield code="m">Français-Anglais</subfield>
    <subfield code="n">Texte noté</subfield>
  </datafield>
  <datafield tag="801" ind1=" " ind2="0">
    <subfield code="a">FR</subfield>
    <subfield code="b">FR-751045101</subfield>
    <subfield code="c">20220926</subfield>
    <subfield code="g">RDA-FR</subfield>
    <subfield code="h">FRBNF400477840000009</subfield>
  </datafield>
</record>