
<record format="UNIMARC" type="Bibliographic">
  <leader>00986cam  2200217 i 4500</leader>
  <controlfield tag="001">UMLRM0086</controlfield>
  <controlfield tag="005">20220908</controlfield>
  <datafield tag="010" ind1=" " ind2=" ">
    <subfield code="a">978-2-84734-801-9</subfield>
    <subfield code="b">Broché</subfield>
    <subfield code="d">11 EUR</subfield>
  </datafield>
  <datafield tag="100" ind1=" " ind2=" ">
    <subfield code="a">20220908d2011    x  y0frey50      ba</subfield>
  </datafield>
  <datafield tag="181" ind1=" " ind2=" ">
    <subfield code="a">i3</subfield>
    <subfield code="b">axxe</subfield>
  </datafield>
  <datafield tag="182" ind1=" " ind2=" ">
    <subfield code="a">n</subfield>
  </datafield>
  <datafield tag="183" ind1=" " ind2=" ">
    <subfield code="a">nga</subfield>
    <subfield code="2">RDAfrCarrier</subfield>
  </datafield>
  <datafield tag="200" ind1="1" ind2=" ">
    <subfield code="a">Dracula</subfield>
    <subfield code="f">Matei Cazacu</subfield>
  </datafield>
  <datafield tag="214" ind1=" " ind2="0">
    <subfield code="a">Paris</subfield>
    <subfield code="c">Tallandier</subfield>
  </datafield>
  <datafield tag="214" ind1=" " ind2="3">
    <subfield code="a">61-Lonrai</subfield>
    <subfield code="c">Normandie roto impression</subfield>
    <subfield code="d">2011</subfield>
  </datafield>
  <datafield tag="215" ind1=" " ind2=" ">
    <subfield code="a">1 volume (497 pages)</subfield>
    <subfield code="c">couverture illustrée en couleur</subfield>
    <subfield code="d">18 cm</subfield>
  </datafield>
  <datafield tag="225" ind1="0" ind2=" ">
    <subfield code="a">Texto</subfield>
    <subfield code="e">le goût de l&apos;histoire</subfield>
    <subfield code="x">1957-9322</subfield>
  </datafield>
  <datafield tag="378" ind1=" " ind2=" ">
    <subfield code="a">Cette biographie retrace la vie de Dracula, alias Vlad l&apos;Empaleur, prince de Valachie au XVe siècle. Loin du mythe littéraire et cinématographique, il donne une reconstitution historique des faits</subfield>
    <subfield code="b">Electre</subfield>
    <subfield code="z">fre</subfield>
  </datafield>
  <datafield tag="410" ind1=" " ind2="0">
    <subfield code="3">41072775</subfield>
    <subfield code="t">Texto (Paris. 2007)</subfield>
    <subfield code="x">1957-9322</subfield>
    <subfield code="d">2011</subfield>
  </datafield>
  <datafield tag="577" ind1="1" ind2="1">
    <subfield code="3">UMLRM0085</subfield>
    <subfield code="7">ba0yba0y</subfield>
    <subfield code="8">frefre</subfield>
    <subfield code="a">Cazacu, Matei (1946-....)</subfield>
    <subfield code="t">Dracula</subfield>
    <subfield code="m">Français</subfield>
    <subfield code="n">Texte noté</subfield>
  </datafield>
  <datafield tag="801" ind1=" " ind2="0">
    <subfield code="a">FR</subfield>
    <subfield code="b">FR-751045101</subfield>
    <subfield code="c">20220908</subfield>
    <subfield code="g">RDA-FR</subfield>
    <subfield code="h">FRBNF424394870000004</subfield>
  </datafield>
</record>