
<record format="UNIMARC" type="Bibliographic">
  <leader>00909cam  2200217 i 4500</leader>
  <controlfield tag="001">UMLRM0089</controlfield>
  <datafield tag="033" ind1=" " ind2=" ">
    <subfield code="a">http://catalogue.bnf.fr/ark:/12148/cb400892612</subfield>
    <subfield code="2">BnF</subfield>
  </datafield>
  <datafield tag="010" ind1=" " ind2=" ">
    <subfield code="b">Broché</subfield>
    <subfield code="d">24 EUR</subfield>
  </datafield>
  <datafield tag="020" ind1=" " ind2=" ">
    <subfield code="a">FR</subfield>
    <subfield code="b">00601070</subfield>
  </datafield>
  <datafield tag="073" ind1=" " ind2="0">
    <subfield code="a">9782844783868</subfield>
  </datafield>
  <datafield tag="100" ind1=" " ind2=" ">
    <subfield code="a">20051228d2005    x  y0frey50      ba</subfield>
  </datafield>
  <datafield tag="102" ind1=" " ind2=" ">
    <subfield code="a">FR</subfield>
  </datafield>
  <datafield tag="181" ind1=" " ind2=" ">
    <subfield code="a">i</subfield>
    <subfield code="b">axxe</subfield>
  </datafield>
  <datafield tag="182" ind1=" " ind2=" ">
    <subfield code="a">n</subfield>
  </datafield>
  <datafield tag="183" ind1=" " ind2=" ">
    <subfield code="a">nga</subfield>
    <subfield code="2">RDAfrCarrier</subfield>
  </datafield>
  <datafield tag="200" ind1="1" ind2=" ">
    <subfield code="a">Le vampire au fil des siècles</subfield>
    <subfield code="e">enquête autour d&apos;un mythe</subfield>
    <subfield code="f">Estelle Valls de Gomis</subfield>
  </datafield>
  <datafield tag="214" ind1=" " ind2="0">
    <subfield code="a">Coudray-Macouard</subfield>
    <subfield code="c">Cheminements</subfield>
    <subfield code="d">DL 2005</subfield>
  </datafield>
  <datafield tag="214" ind1=" " ind2="3">
    <subfield code="a">21-Quétigny</subfield>
    <subfield code="c">Imprimerie Darantière</subfield>
  </datafield>
  <datafield tag="215" ind1=" " ind2=" ">
    <subfield code="a">1 volume (471 pages-[16] pages de planches.)</subfield>
    <subfield code="c">couverture illustrée en couleur</subfield>
    <subfield code="d">24 cm</subfield>
  </datafield>
  <datafield tag="577" ind1="1" ind2="1">
    <subfield code="3">UMLRM0088</subfield>
    <subfield code="7">ba0yba0y</subfield>
    <subfield code="8">frefre</subfield>
    <subfield code="a">Valls de Gomis, Estelle (1973-...)</subfield>
    <subfield code="t">Le vampire au fil des siècles : enquête autour d&apos;un mythe</subfield>
    <subfield code="m">Français</subfield>
    <subfield code="n">Texte noté</subfield>
  </datafield>
  <datafield tag="801" ind1=" " ind2="0">
    <subfield code="a">FR</subfield>
    <subfield code="b">FR-751131015</subfield>
    <subfield code="c">20220809</subfield>
    <subfield code="g">RDA-FR</subfield>
    <subfield code="h">FRBNF400892610000000</subfield>
  </datafield>
</record>