
<record format="UNIMARC" type="Bibliographic">
  <leader>01427nlm  2200313 i 4500</leader>
  <controlfield tag="001">UMLRM0092</controlfield>
  <datafield tag="071" ind1="6" ind2="1">
    <subfield code="a">NOF854BF-CD</subfield>
    <subfield code="b">Mindscape</subfield>
  </datafield>
  <datafield tag="073" ind1=" " ind2="0">
    <subfield code="a">5390102464769</subfield>
    <subfield code="b">emboîtage</subfield>
  </datafield>
  <datafield tag="073" ind1=" " ind2="0">
    <subfield code="a">5390102464905</subfield>
    <subfield code="b">conteneur</subfield>
  </datafield>
  <datafield tag="100" ind1=" " ind2=" ">
    <subfield code="a">20220923d2005    x  y0frey50      ba</subfield>
  </datafield>
  <datafield tag="102" ind1=" " ind2=" ">
    <subfield code="a">FR</subfield>
  </datafield>
  <datafield tag="135" ind1=" " ind2=" ">
    <subfield code="a">gocga---uuuuu</subfield>
  </datafield>
  <datafield tag="181" ind1=" " ind2="0">
    <subfield code="6">01</subfield>
    <subfield code="a">f</subfield>
    <subfield code="b">xxxae</subfield>
  </datafield>
  <datafield tag="181" ind1=" " ind2=" ">
    <subfield code="6">02</subfield>
    <subfield code="c">cop</subfield>
    <subfield code="2">rdaContent</subfield>
  </datafield>
  <datafield tag="182" ind1=" " ind2="0">
    <subfield code="6">01</subfield>
    <subfield code="a">b</subfield>
  </datafield>
  <datafield tag="182" ind1=" " ind2=" ">
    <subfield code="6">02</subfield>
    <subfield code="c">c</subfield>
    <subfield code="2">rdaMedia</subfield>
  </datafield>
  <datafield tag="183" ind1=" " ind2=" ">
    <subfield code="a">cde</subfield>
    <subfield code="2">rdafrCarrier</subfield>
  </datafield>
  <datafield tag="200" ind1="1" ind2=" ">
    <subfield code="a">Nosferatu</subfield>
    <subfield code="e">the wrath of Malachi</subfield>
    <subfield code="f">Idol FX AB, Pan vision</subfield>
  </datafield>
  <datafield tag="214" ind1=" " ind2="0">
    <subfield code="a">[Clichy]</subfield>
    <subfield code="c">Eidos</subfield>
    <subfield code="a">Boulogne-Billancourt</subfield>
    <subfield code="c">Mindscape</subfield>
    <subfield code="d">[2005]</subfield>
  </datafield>
  <datafield tag="214" ind1=" " ind2="4">
    <subfield code="d">2005</subfield>
  </datafield>
  <datafield tag="215" ind1=" " ind2=" ">
    <subfield code="a">1 disque optique numérique (CD-ROM)</subfield>
    <subfield code="d">12 cm</subfield>
  </datafield>
  <datafield tag="225" ind1="2" ind2=" ">
    <subfield code="a">Hits collection</subfield>
    <subfield code="x">1775-4402</subfield>
  </datafield>
  <datafield tag="230" ind1=" " ind2=" ">
    <subfield code="a">Jeu multimédia</subfield>
  </datafield>
  <datafield tag="304" ind1=" " ind2=" ">
    <subfield code="a">Titre provenant de l&apos;étiquette du support</subfield>
  </datafield>
  <datafield tag="306" ind1=" " ind2=" ">
    <subfield code="a">Date de sortie : 29 mars 2005 d’après Amazon.fr</subfield>
  </datafield>
  <datafield tag="337" ind1=" " ind2=" ">
    <subfield code="a">Configuration requise : PC Pentium III 733 MHz ; 128 Mo de mémoire vive (256 Mo sous Windows XP) ; Windows Millennium, XP ; 350 Mo d&apos;espace disque disponible ; carte graphique 16 Mo 100% compatible Direct3D, affichage 800 x 600 en couleur 16 bits ; carte son 100% compatible DirectX ; lecteur de CD-ROM vitesse x 16 ; DirectX 8.1 (inclus)</subfield>
  </datafield>
  <datafield tag="410" ind1=" " ind2="0">
    <subfield code="0">40045125</subfield>
    <subfield code="t"> Hits collection</subfield>
    <subfield code="x">1775-4402</subfield>
    <subfield code="d">2005</subfield>
  </datafield>
  <datafield tag="507" ind1=" " ind2=" ">
    <subfield code="3">UMLRM0091</subfield>
    <subfield code="a">Nosferatu, the wrath of Malachi</subfield>
    <subfield code="c">jeu vidéo</subfield>
    <subfield code="w">PC</subfield>
    <subfield code="m">Français</subfield>
  </datafield>
  <datafield tag="801" ind1=" " ind2="0">
    <subfield code="a">FR</subfield>
    <subfield code="b">FR-751043001</subfield>
    <subfield code="c">20220923</subfield>
    <subfield code="g">RDA-FR</subfield>
    <subfield code="h">FRBNF401412210000007</subfield>
  </datafield>
</record>