
<record format="UNIMARC" type="Bibliographic">
  <leader>01392nlm  2200301 i 4500</leader>
  <controlfield tag="001">UMLRM0095</controlfield>
  <datafield tag="073" ind1=" " ind2="0">
    <subfield code="a">5032921017794</subfield>
  </datafield>
  <datafield tag="100" ind1=" " ind2=" ">
    <subfield code="a">20221104d2003    x  y0frey50      ba</subfield>
  </datafield>
  <datafield tag="102" ind1=" " ind2=" ">
    <subfield code="a">FR</subfield>
  </datafield>
  <datafield tag="135" ind1=" " ind2=" ">
    <subfield code="a">gocga---uuuuu</subfield>
  </datafield>
  <datafield tag="181" ind1=" " ind2="0">
    <subfield code="6">01</subfield>
    <subfield code="a">f</subfield>
    <subfield code="b">xxxae</subfield>
  </datafield>
  <datafield tag="181" ind1=" " ind2=" ">
    <subfield code="6">02</subfield>
    <subfield code="c">cop</subfield>
    <subfield code="2">rdaContent</subfield>
  </datafield>
  <datafield tag="182" ind1=" " ind2="0">
    <subfield code="6">01</subfield>
    <subfield code="a">b</subfield>
  </datafield>
  <datafield tag="182" ind1=" " ind2=" ">
    <subfield code="6">02</subfield>
    <subfield code="c">c</subfield>
    <subfield code="2">rdaMedia</subfield>
  </datafield>
  <datafield tag="183" ind1=" " ind2=" ">
    <subfield code="a">cde</subfield>
    <subfield code="2">rdafrCarrier</subfield>
  </datafield>
  <datafield tag="200" ind1="1" ind2=" ">
    <subfield code="a">Nosferatu</subfield>
    <subfield code="e">the wrath of Malachi</subfield>
    <subfield code="f">Idol FX AB, Pan vision</subfield>
  </datafield>
  <datafield tag="205" ind1=" " ind2=" ">
    <subfield code="a">Version française</subfield>
  </datafield>
  <datafield tag="214" ind1=" " ind2="0">
    <subfield code="a">Courbevoie</subfield>
    <subfield code="c">Neo publishing</subfield>
    <subfield code="d">[2003]</subfield>
  </datafield>
  <datafield tag="214" ind1=" " ind2="4">
    <subfield code="d">2003</subfield>
  </datafield>
  <datafield tag="215" ind1=" " ind2=" ">
    <subfield code="a">1 disque optique numérique (CD-ROM)</subfield>
    <subfield code="d">12 cm</subfield>
    <subfield code="e">1 manuel d&apos;utilisation (20 pages)</subfield>
    <subfield code="e">1feuille de planche</subfield>
  </datafield>
  <datafield tag="225" ind1="1" ind2=" ">
    <subfield code="a">Neo games</subfield>
    <subfield code="v">n° 8</subfield>
  </datafield>
  <datafield tag="230" ind1=" " ind2=" ">
    <subfield code="a">Jeu multimédia</subfield>
  </datafield>
  <datafield tag="304" ind1=" " ind2=" ">
    <subfield code="a">Titre provenant de l&apos;étiquette du support</subfield>
  </datafield>
  <datafield tag="306" ind1=" " ind2=" ">
    <subfield code="a">Date d’après la date de mise à disposition en France</subfield>
  </datafield>
  <datafield tag="337" ind1=" " ind2=" ">
    <subfield code="a">Configuration requise : PC Pentium III 733 MHz ; 128 Mo de mémoire vive (256 Mo sous Windows XP) ; Windows 98, 2000, XP ; 350 Mo d&apos;espace disque disponible ; carte graphique 16 Mo compatible Direct3D, affichage 800 x 600 en couleur 16 bits ; carte son compatible DirectX ; lecteur de CD-ROM quadruple vitesse; DirectX 8.1 (inclus)</subfield>
  </datafield>
  <datafield tag="410" ind1=" " ind2="0">
    <subfield code="0">40045125</subfield>
    <subfield code="t"> Hits collection</subfield>
    <subfield code="x">1775-4402</subfield>
    <subfield code="d">2005</subfield>
  </datafield>
  <datafield tag="507" ind1=" " ind2=" ">
    <subfield code="3">UMLRM0091</subfield>
    <subfield code="a">Nosferatu, the wrath of Malachi</subfield>
    <subfield code="c">jeu vidéo</subfield>
    <subfield code="w">PC</subfield>
    <subfield code="m">Français</subfield>
  </datafield>
  <datafield tag="801" ind1=" " ind2="0">
    <subfield code="a">FR</subfield>
    <subfield code="b">FR-751043001</subfield>
    <subfield code="c">20220923</subfield>
    <subfield code="g">RDA-FR</subfield>
    <subfield code="h">FRBNF412738270000008</subfield>
  </datafield>
</record>