
<record format="UNIMARC" type="Bibliographic">
  <leader>00688cam  2200193 i 4500</leader>
  <controlfield tag="001">UMLRM0101</controlfield>
  <controlfield tag="005">20220908######.D</controlfield>
  <datafield tag="010" ind1=" " ind2=" ">
    <subfield code="a">2-205-03763-3</subfield>
    <subfield code="b">Relié</subfield>
    <subfield code="d">61 F</subfield>
  </datafield>
  <datafield tag="100" ind1=" " ind2=" ">
    <subfield code="a">20220908d1988    x  y0frey50      ba</subfield>
  </datafield>
  <datafield tag="102" ind1=" " ind2=" ">
    <subfield code="a">FR</subfield>
  </datafield>
  <datafield tag="181" ind1=" " ind2=" ">
    <subfield code="a">i </subfield>
    <subfield code="b">axxe  </subfield>
    <subfield code="a">b </subfield>
    <subfield code="b">xb2e</subfield>
  </datafield>
  <datafield tag="182" ind1=" " ind2=" ">
    <subfield code="a">n</subfield>
  </datafield>
  <datafield tag="183" ind1=" " ind2=" ">
    <subfield code="a">nga</subfield>
    <subfield code="2">RDAfrCarrier</subfield>
  </datafield>
  <datafield tag="200" ind1="1" ind2=" ">
    <subfield code="a">Nosferatu</subfield>
    <subfield code="e">1977-1978</subfield>
    <subfield code="f">[texte et dessins de] Druillet</subfield>
  </datafield>
  <datafield tag="214" ind1=" " ind2="0">
    <subfield code="a">Paris</subfield>
    <subfield code="a">Bruxelles</subfield>
    <subfield code="c">Dargaud</subfield>
    <subfield code="d">1988</subfield>
  </datafield>
  <datafield tag="214" ind1=" " ind2="3">
    <subfield code="a">Paris</subfield>
    <subfield code="c">Imprimerie Publiphotoffset</subfield>
  </datafield>
  <datafield tag="215" ind1=" " ind2=" ">
    <subfield code="a">1 volume (63 pages)</subfield>
    <subfield code="d">32 cm</subfield>
  </datafield>
  <datafield tag="577" ind1="1" ind2="1">
    <subfield code="3">UMLRM0100</subfield>
    <subfield code="7">ba0yba0y</subfield>
    <subfield code="8">frefre</subfield>
    <subfield code="a">Druillet, Philippe (1944-….)</subfield>
    <subfield code="t">Nosferatu</subfield>
    <subfield code="m">Français</subfield>
    <subfield code="n">Texte noté. Image fixe</subfield>
  </datafield>
  <datafield tag="801" ind1=" " ind2="0">
    <subfield code="a">FR</subfield>
    <subfield code="b">FR-751045101</subfield>
    <subfield code="c">20220809</subfield>
    <subfield code="g">RDA-FR</subfield>
    <subfield code="h">FRBNF350067400000003</subfield>
  </datafield>
</record>