
<record format="UNIMARC" type="Bibliographic">
  <leader>00680cam  2200193 i 4500</leader>
  <controlfield tag="001">UMLRM0104</controlfield>
  <controlfield tag="005">20221018######.D</controlfield>
  <datafield tag="010" ind1=" " ind2=" ">
    <subfield code="a">2-226-12635-X</subfield>
    <subfield code="b">Relié</subfield>
    <subfield code="d">130 F</subfield>
  </datafield>
  <datafield tag="100" ind1=" " ind2=" ">
    <subfield code="a">20221018d2001    x  y0frey50      ba</subfield>
  </datafield>
  <datafield tag="102" ind1=" " ind2=" ">
    <subfield code="a">FR</subfield>
  </datafield>
  <datafield tag="181" ind1=" " ind2=" ">
    <subfield code="a">i </subfield>
    <subfield code="b">axxe  </subfield>
    <subfield code="a">b </subfield>
    <subfield code="b">xb2e</subfield>
  </datafield>
  <datafield tag="182" ind1=" " ind2=" ">
    <subfield code="a">n</subfield>
  </datafield>
  <datafield tag="183" ind1=" " ind2=" ">
    <subfield code="a">nga</subfield>
    <subfield code="2">RDAfrCarrier</subfield>
  </datafield>
  <datafield tag="200" ind1="1" ind2=" ">
    <subfield code="a">Nosferatu</subfield>
    <subfield code="f">Druillet</subfield>
  </datafield>
  <datafield tag="214" ind1=" " ind2="0">
    <subfield code="a">Paris</subfield>
    <subfield code="c">Albin Michel</subfield>
    <subfield code="d">2001</subfield>
  </datafield>
  <datafield tag="214" ind1=" " ind2="3">
    <subfield code="a">37-Tours</subfield>
    <subfield code="g"> Imprimerie Mame</subfield>
  </datafield>
  <datafield tag="215" ind1=" " ind2=" ">
    <subfield code="a">1 volume (non paginé [55] pages)</subfield>
    <subfield code="c">couverture illustrée</subfield>
    <subfield code="d">32 cm</subfield>
  </datafield>
  <datafield tag="577" ind1="1" ind2="1">
    <subfield code="3">UMLRM0100</subfield>
    <subfield code="7">ba0yba0y</subfield>
    <subfield code="8">frefre</subfield>
    <subfield code="a">Druillet, Philippe (1944-….)</subfield>
    <subfield code="t">Nosferatu</subfield>
    <subfield code="m">Français</subfield>
    <subfield code="n">Texte noté. Image fixe</subfield>
  </datafield>
  <datafield tag="801" ind1=" " ind2="0">
    <subfield code="a">FR</subfield>
    <subfield code="b">FR-751045101</subfield>
    <subfield code="c">20220118</subfield>
    <subfield code="g">RDA-FR</subfield>
    <subfield code="h">FRBNF376872460000003</subfield>
  </datafield>
</record>