
<record format="UNIMARC" type="Bibliographic">
  <leader>01084ngm  2200241 i 4500</leader>
  <controlfield tag="001">UMLRM0107</controlfield>
  <datafield tag="073" ind1=" " ind2="0">
    <subfield code="a">085391106937</subfield>
  </datafield>
  <datafield tag="100" ind1=" " ind2=" ">
    <subfield code="a">20220830d1995    x  y0frey50      ba</subfield>
  </datafield>
  <datafield tag="102" ind1=" " ind2=" ">
    <subfield code="a">US</subfield>
  </datafield>
  <datafield tag="115" ind1=" " ind2=" ">
    <subfield code="a">c   bahoxux    cbxxb</subfield>
  </datafield>
  <datafield tag="181" ind1=" " ind2=" ">
    <subfield code="6">01</subfield>
    <subfield code="a">b</subfield>
    <subfield code="b">xa2ae</subfield>
  </datafield>
  <datafield tag="181" ind1=" " ind2=" ">
    <subfield code="6">02</subfield>
    <subfield code="c">tdi</subfield>
    <subfield code="2">rda-frcontent</subfield>
  </datafield>
  <datafield tag="182" ind1=" " ind2=" ">
    <subfield code="6">01</subfield>
    <subfield code="a">g</subfield>
  </datafield>
  <datafield tag="182" ind1=" " ind2=" ">
    <subfield code="6">02</subfield>
    <subfield code="c">v</subfield>
    <subfield code="2">rda-frmedia</subfield>
  </datafield>
  <datafield tag="183" ind1=" " ind2=" ">
    <subfield code="6">02</subfield>
    <subfield code="a">vba</subfield>
    <subfield code="2">rda-frcarrier</subfield>
  </datafield>
  <datafield tag="200" ind1="1" ind2=" ">
    <subfield code="a">Dracula has risen from the grave‎</subfield>
    <subfield code="f">starring Christopher Lee, Rupert Davies</subfield>
    <subfield code="g">produced by Aïda Young</subfield>
    <subfield code="g">directed by Freddie Francis</subfield>
    <subfield code="g">screenplay by John Elder based on the character created by Bram Stoker</subfield>
    <subfield code="g">a Hammer film production</subfield>
  </datafield>
  <datafield tag="214" ind1=" " ind2="0">
    <subfield code="a">[Burbank, Californie, États-Unis]</subfield>
    <subfield code="c">Warner home video</subfield>
    <subfield code="d">[1995]</subfield>
  </datafield>
  <datafield tag="214" ind1=" " ind2="2">
    <subfield code="a">Paris</subfield>
    <subfield code="c">Warner home video France</subfield>
  </datafield>
  <datafield tag="215" ind1=" " ind2=" ">
    <subfield code="a">1 cassette vidéo</subfield>
    <subfield code="c">VHS, NTSC</subfield>
  </datafield>
  <datafield tag="306" ind1=" " ind2=" ">
    <subfield code="a">Date de publication indiquée par Amazon : 22 août 1995</subfield>
  </datafield>
  <datafield tag="507" ind1="1" ind2=" ">
    <subfield code="3">UMLRM0106</subfield>
    <subfield code="a">Dracula has risen from the grave</subfield>
    <subfield code="c">film</subfield>
    <subfield code="m">Anglais</subfield>
  </datafield>
  <datafield tag="512" ind1="0" ind2="2">
    <subfield code="3">13890456</subfield>
    <subfield code="7">ba0yba0y</subfield>
    <subfield code="8">freeng</subfield>
    <subfield code="o">ISNI0000000121626641</subfield>
    <subfield code="a">Warner home video France</subfield>
    <subfield code="4">310</subfield>
  </datafield>
  <datafield tag="801" ind1=" " ind2="0">
    <subfield code="a">FR</subfield>
    <subfield code="b">FR-341725402</subfield>
    <subfield code="c">20220803</subfield>
    <subfield code="g">RDA-FR</subfield>
    <subfield code="h">FRBNF457811890000008</subfield>
  </datafield>
</record>