
<record format="UNIMARC" type="Bibliographic">
  <leader>01087nam  2200241 i 4500</leader>
  <controlfield tag="001">UMLRM0110</controlfield>
  <datafield tag="033" ind1=" " ind2=" ">
    <subfield code="a">http://catalogue.bnf.fr/ark:/12148/cb331837399</subfield>
  </datafield>
  <datafield tag="035" ind1=" " ind2=" ">
    <subfield code="a">FRBNF331837390000007</subfield>
  </datafield>
  <datafield tag="100" ind1=" " ind2=" ">
    <subfield code="a">20220928d1968    x  y0frey50      ba</subfield>
  </datafield>
  <datafield tag="102" ind1=" " ind2=" ">
    <subfield code="a">FR</subfield>
  </datafield>
  <datafield tag="181" ind1=" " ind2=" ">
    <subfield code="a">i </subfield>
    <subfield code="b">axxe  </subfield>
    <subfield code="a">b </subfield>
    <subfield code="b">xb2e</subfield>
  </datafield>
  <datafield tag="182" ind1=" " ind2=" ">
    <subfield code="a">n</subfield>
  </datafield>
  <datafield tag="183" ind1=" " ind2=" ">
    <subfield code="a">nga</subfield>
    <subfield code="2">RDAfrCarrier</subfield>
  </datafield>
  <datafield tag="200" ind1="1" ind2=" ">
    <subfield code="a">Dracula</subfield>
    <subfield code="f">Bram Stoker</subfield>
    <subfield code="g">illustrations originales de Philippe Druillet</subfield>
    <subfield code="g">Introduction de Tony Faivre</subfield>
  </datafield>
  <datafield tag="214" ind1=" " ind2="0">
    <subfield code="a">Paris</subfield>
    <subfield code="c">Éditions Opta</subfield>
    <subfield code="d">1968</subfield>
  </datafield>
  <datafield tag="215" ind1=" " ind2=" ">
    <subfield code="a">1 volume (XX-413 pages)</subfield>
    <subfield code="c">illustrations en noir et blanc, cartonnage illustré</subfield>
    <subfield code="d">20 cm</subfield>
  </datafield>
  <datafield tag="225" ind1="2" ind2=" ">
    <subfield code="a">Aventures fantastiques</subfield>
  </datafield>
  <datafield tag="305" ind1=" " ind2=" ">
    <subfield code="a">Tirage limité à 3700 exemplaires</subfield>
  </datafield>
  <datafield tag="410" ind1=" " ind2="0">
    <subfield code="t">Aventures fantastiques</subfield>
    <subfield code="x">0768-2115</subfield>
  </datafield>
  <datafield tag="702" ind1=" " ind2="1">
    <subfield code="3">11447253</subfield>
    <subfield code="7">ba0yba0y</subfield>
    <subfield code="8">fre###</subfield>
    <subfield code="a">Faivre</subfield>
    <subfield code="b">Tony</subfield>
    <subfield code="4">080</subfield>
  </datafield>
  <datafield tag="577" ind1="1" ind2="1">
    <subfield code="3">UMLRM0020</subfield>
    <subfield code="7">ba0yba0y</subfield>
    <subfield code="8">freeng</subfield>
    <subfield code="a">Stoker, Bram (1847-1912)</subfield>
    <subfield code="t">Dracula</subfield>
    <subfield code="m">Français</subfield>
    <subfield code="w">Molitor</subfield>
    <subfield code="n">Texte noté</subfield>
  </datafield>
  <datafield tag="577" ind1="1" ind2="1">
    <subfield code="3">UMLRM0151</subfield>
    <subfield code="7">ba0yba0y</subfield>
    <subfield code="8">frefre</subfield>
    <subfield code="a">Druillet, Philippe (1944-....)</subfield>
    <subfield code="t">Illustrations pour &quot;Dracula&quot; de Bram Stoker</subfield>
    <subfield code="n">Image fixe</subfield>
  </datafield>
  <datafield tag="801" ind1=" " ind2="0">
    <subfield code="a">FR</subfield>
    <subfield code="b">FR-751045101</subfield>
    <subfield code="c">20220928</subfield>
    <subfield code="g">RDA-FR</subfield>
    <subfield code="h">FRBNF331837390000007</subfield>
  </datafield>
</record>