
<record format="UNIMARC" type="Bibliographic">
  <leader>00768cam  2200217 i 4500</leader>
  <controlfield tag="001">UMLRM0113</controlfield>
  <controlfield tag="005">20220920######.D</controlfield>
  <datafield tag="010" ind1=" " ind2=" ">
    <subfield code="a">9780826495372</subfield>
    <subfield code="b">Broché</subfield>
  </datafield>
  <datafield tag="100" ind1=" " ind2=" ">
    <subfield code="a">20220920d2009    x  y0frey50      ba</subfield>
  </datafield>
  <datafield tag="102" ind1=" " ind2=" ">
    <subfield code="a">GB</subfield>
  </datafield>
  <datafield tag="181" ind1=" " ind2=" ">
    <subfield code="a">i3</subfield>
    <subfield code="b">axxe</subfield>
  </datafield>
  <datafield tag="182" ind1=" " ind2=" ">
    <subfield code="a">n</subfield>
  </datafield>
  <datafield tag="183" ind1=" " ind2=" ">
    <subfield code="a">nga</subfield>
    <subfield code="2">RDAfrCarrier</subfield>
  </datafield>
  <datafield tag="200" ind1="1" ind2=" ">
    <subfield code="a"> Bram Stoker’s Dracula</subfield>
    <subfield code="e">a reader’s guide</subfield>
    <subfield code="f">William Hughes</subfield>
  </datafield>
  <datafield tag="214" ind1=" " ind2="0">
    <subfield code="a"> London</subfield>
    <subfield code="a">New York</subfield>
    <subfield code="c">Continuum</subfield>
  </datafield>
  <datafield tag="214" ind1=" " ind2="4">
    <subfield code="d">copyright 2009</subfield>
  </datafield>
  <datafield tag="215" ind1=" " ind2=" ">
    <subfield code="a">1 volume (VII-150 pages)</subfield>
    <subfield code="d">22 cm</subfield>
  </datafield>
  <datafield tag="225" ind1="2" ind2=" ">
    <subfield code="a">Continuum reader’s guide</subfield>
  </datafield>
  <datafield tag="410" ind1=" " ind2="0">
    <subfield code="3">41139828</subfield>
    <subfield code="t">Continuum reader’s guide</subfield>
  </datafield>
  <datafield tag="577" ind1="1" ind2="1">
    <subfield code="3">UMLRM0112</subfield>
    <subfield code="7">ba0yba0y</subfield>
    <subfield code="8">freeng</subfield>
    <subfield code="a">Hughes, William (1964-....)</subfield>
    <subfield code="t">Bram Stoker’s Dracula : a reader’s guide</subfield>
    <subfield code="m">Anglais</subfield>
    <subfield code="n">Texte noté</subfield>
  </datafield>
  <datafield tag="801" ind1=" " ind2="0">
    <subfield code="a">FR</subfield>
    <subfield code="b">FR-751045101</subfield>
    <subfield code="c">20220920</subfield>
    <subfield code="h">FRBNF423251010000009</subfield>
  </datafield>
</record>