
<record format="UNIMARC" type="Bibliographic">
  <leader>00880cam  2200205 i 4500</leader>
  <controlfield tag="001">UMLRM0116</controlfield>
  <controlfield tag="005">202210171342SS.D</controlfield>
  <datafield tag="010" ind1=" " ind2=" ">
    <subfield code="a">978-2-7499-1109-0</subfield>
    <subfield code="b">Broché</subfield>
    <subfield code="d">22,95 EUR</subfield>
  </datafield>
  <datafield tag="100" ind1=" " ind2=" ">
    <subfield code="a">20221017d2009    x  y0frey50      ba</subfield>
  </datafield>
  <datafield tag="102" ind1=" " ind2=" ">
    <subfield code="a">FR</subfield>
  </datafield>
  <datafield tag="181" ind1=" " ind2=" ">
    <subfield code="a">i </subfield>
    <subfield code="b">axxe</subfield>
  </datafield>
  <datafield tag="182" ind1=" " ind2=" ">
    <subfield code="a">n</subfield>
  </datafield>
  <datafield tag="183" ind1=" " ind2=" ">
    <subfield code="a">nga</subfield>
    <subfield code="2">RDAfrCarrier</subfield>
  </datafield>
  <datafield tag="200" ind1="1" ind2=" ">
    <subfield code="a">Dracula l&apos;immortel</subfield>
    <subfield code="f">Dacre Stoker et Ian Holt</subfield>
    <subfield code="g">traduit de l&apos;anglais (États-Unis) par Jean-Noël Chatain</subfield>
  </datafield>
  <datafield tag="214" ind1=" " ind2="0">
    <subfield code="a">Neuilly-sur-Seine</subfield>
    <subfield code="c">Michel Lafon</subfield>
    <subfield code="d">DL 2009</subfield>
  </datafield>
  <datafield tag="214" ind1=" " ind2="3">
    <subfield code="a">Espagne</subfield>
  </datafield>
  <datafield tag="215" ind1=" " ind2=" ">
    <subfield code="a">1 volume (505 pages)</subfield>
    <subfield code="c">couverture illustrée en couleur</subfield>
    <subfield code="d">24 cm</subfield>
  </datafield>
  <datafield tag="304" ind1=" " ind2=" ">
    <subfield code="a">La couverture porte en plus : &quot;la suite du chef-d&apos;oeuvre de Bram Stoker d&apos;après ses notes originales&quot;</subfield>
  </datafield>
  <datafield tag="577" ind1="1" ind2="1">
    <subfield code="3">UMLRM0115</subfield>
    <subfield code="7">ba0yba0y</subfield>
    <subfield code="8">freeng</subfield>
    <subfield code="a">Stoker, Dacre</subfield>
    <subfield code="a">Holt, Ian (1964-….)</subfield>
    <subfield code="t">Dracula, the un-dead</subfield>
    <subfield code="m">Français</subfield>
    <subfield code="n">Texte noté</subfield>
  </datafield>
  <datafield tag="801" ind1=" " ind2="0">
    <subfield code="a">FR</subfield>
    <subfield code="b">FR-751131015</subfield>
    <subfield code="c">20221017</subfield>
    <subfield code="g">RDA-FR</subfield>
    <subfield code="h"> FRBNF421138410000004</subfield>
  </datafield>
</record>