
<record format="UNIMARC" type="Bibliographic">
  <leader>01362cam  2200229 i 4500</leader>
  <controlfield tag="001">UMLRM0119</controlfield>
  <controlfield tag="005">202208301048##.D</controlfield>
  <datafield tag="010" ind1=" " ind2=" ">
    <subfield code="a"> 978-2-203-03785-4</subfield>
    <subfield code="b">Relié</subfield>
    <subfield code="d">12,95 EUR</subfield>
  </datafield>
  <datafield tag="073" ind1=" " ind2="0">
    <subfield code="a">9782203037854</subfield>
  </datafield>
  <datafield tag="100" ind1=" " ind2=" ">
    <subfield code="a"> 20120504d2012    x  y0frey50      ba</subfield>
  </datafield>
  <datafield tag="102" ind1=" " ind2=" ">
    <subfield code="a"> FR</subfield>
  </datafield>
  <datafield tag="181" ind1=" " ind2=" ">
    <subfield code="a">i </subfield>
    <subfield code="b">axxe  </subfield>
    <subfield code="a">b </subfield>
    <subfield code="b">xb2e</subfield>
  </datafield>
  <datafield tag="182" ind1=" " ind2=" ">
    <subfield code="a">n</subfield>
  </datafield>
  <datafield tag="183" ind1=" " ind2=" ">
    <subfield code="a">nga</subfield>
    <subfield code="2">RDAfrCarrier</subfield>
  </datafield>
  <datafield tag="200" ind1="1" ind2=" ">
    <subfield code="a">Dracula l&apos;immortel</subfield>
    <subfield code="h">2</subfield>
    <subfield code="f">scénario, Michel Dufranne</subfield>
    <subfield code="g">dessin, Piotr Kowalski</subfield>
    <subfield code="g">couleurs, Svart</subfield>
    <subfield code="g">d&apos;après l&apos;ouvrage de Dacre Stoker et Ian Holt...</subfield>
  </datafield>
  <datafield tag="214" ind1=" " ind2="0">
    <subfield code="a">[Neuilly-sur-Seine]</subfield>
    <subfield code="c">Michel Lafon</subfield>
    <subfield code="a"> [Paris]</subfield>
    <subfield code="c">Casterman</subfield>
  </datafield>
  <datafield tag="214" ind1=" " ind2="3">
    <subfield code="a">85-Luçon</subfield>
    <subfield code="c">Imprimerie Pollina</subfield>
    <subfield code="d">2012</subfield>
  </datafield>
  <datafield tag="215" ind1=" " ind2=" ">
    <subfield code="a">1 volume (48 pages)</subfield>
    <subfield code="c">couverture illustrée en couleur</subfield>
    <subfield code="d">32 cm</subfield>
  </datafield>
  <datafield tag="330" ind1=" " ind2=" ">
    <subfield code="a"> 1912, entre Paris et Londres, des éléments troublants viennent faire remonter à la surface une peur qui semblait avoir été oubliée depuis 25 ans, depuis la destruction du vampire.</subfield>
    <subfield code="2">Electre</subfield>
  </datafield>
  <datafield tag="461" ind1=" " ind2="0">
    <subfield code="t">Dracula l&apos;immortel</subfield>
    <subfield code="f">scénario, Michel Dufranne</subfield>
    <subfield code="g">dessin, Piotr Kowalski</subfield>
    <subfield code="g">couleurs, Svart</subfield>
    <subfield code="g">d&apos;après l&apos;ouvrage de Dacre Stoker et Ian Holt</subfield>
    <subfield code="c">[Neuilly-sur-Seine]</subfield>
    <subfield code="n">Michel Lafon</subfield>
    <subfield code="c">[Paris]</subfield>
    <subfield code="n">Casterman</subfield>
    <subfield code="d">impr. 2012</subfield>
    <subfield code="p">3 volumes</subfield>
  </datafield>
  <datafield tag="577" ind1="1" ind2="1">
    <subfield code="3">UMLRM0118</subfield>
    <subfield code="7">ba0yba0y</subfield>
    <subfield code="8">frefre</subfield>
    <subfield code="a">Dufranne, Michel (1970-....)</subfield>
    <subfield code="a">Kowalski, Piotr (1973-....)</subfield>
    <subfield code="t">Dracula l’immortel</subfield>
    <subfield code="h">2</subfield>
    <subfield code="m">Français</subfield>
    <subfield code="n">Texte noté. Image fixe</subfield>
  </datafield>
  <datafield tag="801" ind1=" " ind2="0">
    <subfield code="a"> FR</subfield>
    <subfield code="b">FR-751131015</subfield>
    <subfield code="c">20120504</subfield>
    <subfield code="g">RDA-FR</subfield>
    <subfield code="h">FRBNF426598260000003</subfield>
  </datafield>
</record>