
<record format="UNIMARC" type="Bibliographic">
  <leader>01849ngm  2200337 i 4500</leader>
  <controlfield tag="001">UMLRM0122</controlfield>
  <datafield tag="071" ind1="4" ind2="1">
    <subfield code="a">FG 315 880</subfield>
    <subfield code="b">EDV 1504</subfield>
  </datafield>
  <datafield tag="073" ind1=" " ind2="0">
    <subfield code="a">3607483158807</subfield>
  </datafield>
  <datafield tag="100" ind1=" " ind2=" ">
    <subfield code="a">20221004d2009    x  y0frey50      ba</subfield>
  </datafield>
  <datafield tag="102" ind1=" " ind2=" ">
    <subfield code="a">FR</subfield>
  </datafield>
  <datafield tag="115" ind1=" " ind2=" ">
    <subfield code="a">c   baizxuxz   bkxxc</subfield>
  </datafield>
  <datafield tag="181" ind1=" " ind2=" ">
    <subfield code="6">01</subfield>
    <subfield code="a">b</subfield>
    <subfield code="b">xa2ae</subfield>
  </datafield>
  <datafield tag="181" ind1=" " ind2=" ">
    <subfield code="6">02</subfield>
    <subfield code="c">tdi</subfield>
    <subfield code="2">rda-frcontent</subfield>
  </datafield>
  <datafield tag="182" ind1=" " ind2=" ">
    <subfield code="6">01</subfield>
    <subfield code="a">g</subfield>
  </datafield>
  <datafield tag="182" ind1=" " ind2=" ">
    <subfield code="6">02</subfield>
    <subfield code="c">v</subfield>
    <subfield code="2">rda-frmedia</subfield>
  </datafield>
  <datafield tag="183" ind1=" " ind2=" ">
    <subfield code="6">02</subfield>
    <subfield code="a">vcc</subfield>
    <subfield code="2">rda-frcarrier</subfield>
  </datafield>
  <datafield tag="200" ind1="1" ind2=" ">
    <subfield code="a">Dracula, mort et heureux de l’être</subfield>
    <subfield code="d">Dracula dead and loving it</subfield>
    <subfield code="f">un film de Mel Brooks</subfield>
    <subfield code="g">Leslie Nielsen, Peter MacNicol, Steven Weber... [et autres], [acteurs]</subfield>
    <subfield code="g">musique, Hummie Mann</subfield>
    <subfield code="g">histoire de Rudy De Luca &amp; Steve Haberman</subfield>
    <subfield code="g">scénario de Mel Brooks &amp; Rudy De Luca &amp; Steve Haberman</subfield>
    <subfield code="g"> produit et réalisé par Mel Brooks</subfield>
    <subfield code="z">eng</subfield>
  </datafield>
  <datafield tag="214" ind1=" " ind2="0">
    <subfield code="a">Neuilly-sur-Seine</subfield>
    <subfield code="c">Gaumont vidéo</subfield>
    <subfield code="d">2009</subfield>
  </datafield>
  <datafield tag="214" ind1=" " ind2="2">
    <subfield code="a">Boulogne-Billancourt</subfield>
    <subfield code="c">Paramount home entertainment</subfield>
  </datafield>
  <datafield tag="215" ind1=" " ind2=" ">
    <subfield code="a">1 DVD vidéo</subfield>
    <subfield code="c">monoface double couche, 16/9 compatible 3/4, PAL, Dolby surround 2.0, zone 2</subfield>
  </datafield>
  <datafield tag="304" ind1=" " ind2=" ">
    <subfield code="a">Notice rédigée d&apos;après la jaquette</subfield>
  </datafield>
  <datafield tag="306" ind1=" " ind2=" ">
    <subfield code="a">Copyright : Borgo Pass productions, 1994</subfield>
    <subfield code="a">Copyright : Gaumont vidéo, 2009</subfield>
  </datafield>
  <datafield tag="327" ind1="2" ind2=" ">
    <subfield code="a">Commentaires audio de Mel Brooks et de son équipe, version originale sous-titrée</subfield>
    <subfield code="a">Bande-annonce</subfield>
  </datafield>
  <datafield tag="371" ind1="1" ind2=" ">
    <subfield code="a">Interdit à la location</subfield>
  </datafield>
  <datafield tag="451" ind1=" " ind2="1">
    <subfield code="0">UMLRM0190</subfield>
    <subfield code="t">Mel Brooks</subfield>
    <subfield code="c">[Neuilly-sur-Seine]</subfield>
    <subfield code="n">Gaumont vidéo</subfield>
    <subfield code="d">[2015]</subfield>
    <subfield code="p">2 DVD vidéo</subfield>
  </datafield>
  <datafield tag="507" ind1="0" ind2=" ">
    <subfield code="3">UMLRM0189</subfield>
    <subfield code="7">ba0yba0y</subfield>
    <subfield code="8">freeng</subfield>
    <subfield code="a">Dracula, dead and loving it</subfield>
    <subfield code="c">film</subfield>
    <subfield code="m">Anglais ; sous-titrage optionnel en français</subfield>
    <subfield code="o">2009</subfield>
  </datafield>
  <datafield tag="507" ind1="0" ind2=" ">
    <subfield code="3">UMLRM0121</subfield>
    <subfield code="7">ba0yba0y</subfield>
    <subfield code="8">freeng</subfield>
    <subfield code="a">Dracula, dead and loving it</subfield>
    <subfield code="c">film</subfield>
    <subfield code="m">Français</subfield>
    <subfield code="o">2009</subfield>
  </datafield>
  <datafield tag="510" ind1="1" ind2=" ">
    <subfield code="a">Dracula dead and loving it</subfield>
    <subfield code="z">eng</subfield>
  </datafield>
  <datafield tag="702" ind1=" " ind2="1">
    <subfield code="3">13891880</subfield>
    <subfield code="7">ba0yba0y</subfield>
    <subfield code="8">freeng</subfield>
    <subfield code="o">ISNI 0000 0001 0920 8877</subfield>
    <subfield code="a">Brooks</subfield>
    <subfield code="b">Mel</subfield>
    <subfield code="f">1926-....</subfield>
    <subfield code="4">210</subfield>
  </datafield>
  <datafield tag="712" ind1="0" ind2="2">
    <subfield code="7">ba0yba0y</subfield>
    <subfield code="8">frefre</subfield>
    <subfield code="a">Gaumont vidéo</subfield>
    <subfield code="4">650</subfield>
  </datafield>
  <datafield tag="801" ind1=" " ind2="0">
    <subfield code="a">FR</subfield>
    <subfield code="b">FR-751052119</subfield>
    <subfield code="c">20221004</subfield>
    <subfield code="h">FRBNF44368309000000X</subfield>
  </datafield>
</record>