
<record format="UNIMARC" type="Bibliographic">
  <leader>01128cam  2200229 i 4500</leader>
  <controlfield tag="001">UMLRM0128</controlfield>
  <controlfield tag="005">20220921######.D</controlfield>
  <datafield tag="010" ind1=" " ind2=" ">
    <subfield code="a">978-0-7864-3410-7</subfield>
  </datafield>
  <datafield tag="100" ind1=" " ind2=" ">
    <subfield code="a">20220921d2008    x  y0frey50      ba</subfield>
  </datafield>
  <datafield tag="102" ind1=" " ind2=" ">
    <subfield code="a">US</subfield>
  </datafield>
  <datafield tag="181" ind1=" " ind2=" ">
    <subfield code="a">i </subfield>
    <subfield code="b">axxe</subfield>
  </datafield>
  <datafield tag="182" ind1=" " ind2=" ">
    <subfield code="a">n</subfield>
  </datafield>
  <datafield tag="183" ind1=" " ind2=" ">
    <subfield code="a">nga</subfield>
    <subfield code="2">RDAfrCarrier</subfield>
  </datafield>
  <datafield tag="200" ind1="1" ind2=" ">
    <subfield code="a">Bram Stoker’s notes for “Dracula “</subfield>
    <subfield code="e">afacsimile edition</subfield>
    <subfield code="f">Bram Stoker</subfield>
    <subfield code="g">annotated and transcribed by Robert Eighteen-Bisang and Elizabeth Miller</subfield>
    <subfield code="g">foreword by Michael Barsanti</subfield>
  </datafield>
  <datafield tag="214" ind1=" " ind2="0">
    <subfield code="a">Jefferson (N.C.)</subfield>
    <subfield code="c">McFarland &amp; Company Inc. Publishers</subfield>
    <subfield code="d">2008</subfield>
  </datafield>
  <datafield tag="215" ind1=" " ind2=" ">
    <subfield code="a">1 volume (VII-331 pages)</subfield>
    <subfield code="d">26 cm</subfield>
  </datafield>
  <datafield tag="320" ind1=" " ind2=" ">
    <subfield code="a">Bibliographie pages 321-323</subfield>
  </datafield>
  <datafield tag="702" ind1=" " ind2="1">
    <subfield code="3">16259396</subfield>
    <subfield code="7">ba0yba0y</subfield>
    <subfield code="8">freeng</subfield>
    <subfield code="o">ISNI 0000 0001 0976 8225</subfield>
    <subfield code="a">Eighteen-Bisang</subfield>
    <subfield code="b">Robert</subfield>
    <subfield code="4">212</subfield>
  </datafield>
  <datafield tag="702" ind1=" " ind2="1">
    <subfield code="3">12679015</subfield>
    <subfield code="7">ba0yba0y</subfield>
    <subfield code="8">freeng</subfield>
    <subfield code="o">ISNI 0000 0000 8170 1706</subfield>
    <subfield code="a">Miller</subfield>
    <subfield code="b">Elizabeth Russel</subfield>
    <subfield code="f">1939-....</subfield>
    <subfield code="4">212</subfield>
  </datafield>
  <datafield tag="702" ind1=" " ind2="1">
    <subfield code="7">ba0yba0y</subfield>
    <subfield code="8">freeng</subfield>
    <subfield code="o">ISNI 0000 0000 5038 6133</subfield>
    <subfield code="a">Barsanti</subfield>
    <subfield code="b">Michael J.</subfield>
    <subfield code="4">080</subfield>
  </datafield>
  <datafield tag="577" ind1="1" ind2="1">
    <subfield code="3">UMLRM0127</subfield>
    <subfield code="7">ba0yba0y</subfield>
    <subfield code="8">freeng</subfield>
    <subfield code="a">Stoker, Bram (1847-1912)</subfield>
    <subfield code="t">Manuscrits</subfield>
    <subfield code="c">Choix</subfield>
    <subfield code="k">Eighteen-Bisang ; Miller</subfield>
    <subfield code="m">Anglais</subfield>
    <subfield code="n">Texte noté</subfield>
  </datafield>
  <datafield tag="801" ind1=" " ind2="0">
    <subfield code="a">FR</subfield>
    <subfield code="b">FR-751131015</subfield>
    <subfield code="c">20220921</subfield>
    <subfield code="g">RDA-FR</subfield>
    <subfield code="h">FRBNF421342340000009</subfield>
  </datafield>
</record>