
<record format="UNIMARC" type="Bibliographic">
  <leader>01120ngm  2200277 i 4500</leader>
  <controlfield tag="001">UMLRM0131</controlfield>
  <datafield tag="071" ind1="4" ind2="1">
    <subfield code="a">196 241-3</subfield>
    <subfield code="c">Boite</subfield>
    <subfield code="b">Studio Canal</subfield>
  </datafield>
  <datafield tag="073" ind1=" " ind2="0">
    <subfield code="a">3259119624134</subfield>
  </datafield>
  <datafield tag="100" ind1=" " ind2=" ">
    <subfield code="a">20011009d2001    x  y0frey50      ba</subfield>
  </datafield>
  <datafield tag="102" ind1=" " ind2=" ">
    <subfield code="a">FR</subfield>
  </datafield>
  <datafield tag="115" ind1=" " ind2=" ">
    <subfield code="a">c   cahozuxz   cbxxd</subfield>
  </datafield>
  <datafield tag="181" ind1=" " ind2="0">
    <subfield code="6">01</subfield>
    <subfield code="a">b</subfield>
    <subfield code="b">xa2ea</subfield>
  </datafield>
  <datafield tag="181" ind1=" " ind2=" ">
    <subfield code="6">02</subfield>
    <subfield code="c">tdi</subfield>
    <subfield code="2">rda-frcontent</subfield>
  </datafield>
  <datafield tag="182" ind1=" " ind2="0">
    <subfield code="6">01</subfield>
    <subfield code="a">g</subfield>
  </datafield>
  <datafield tag="182" ind1=" " ind2=" ">
    <subfield code="6">02</subfield>
    <subfield code="c">v</subfield>
    <subfield code="2">rda-frmedia</subfield>
  </datafield>
  <datafield tag="183" ind1=" " ind2=" ">
    <subfield code="a">vba</subfield>
    <subfield code="2">rda-frcarrier</subfield>
  </datafield>
  <datafield tag="200" ind1="1" ind2=" ">
    <subfield code="a">L&apos;ombre du vampire</subfield>
    <subfield code="d">Shadow of the vampire</subfield>
    <subfield code="f">E. Elias Merhige, [réalisateur]</subfield>
    <subfield code="g">John Malkovitch, Willem Dafoe, Cary Elwes... [et autres], [acteurs]</subfield>
    <subfield code="z">eng</subfield>
  </datafield>
  <datafield tag="214" ind1=" " ind2="0">
    <subfield code="a">Paris</subfield>
    <subfield code="c">Studio Canal+</subfield>
    <subfield code="d">[DL 2001]</subfield>
  </datafield>
  <datafield tag="214" ind1=" " ind2="2">
    <subfield code="a">Antony</subfield>
    <subfield code="c">Universal pictures vidéo France SA</subfield>
  </datafield>
  <datafield tag="215" ind1=" " ind2=" ">
    <subfield code="a">1 cassette vidéo</subfield>
    <subfield code="c">VHS, SECAM, surround (Dolby), zone 2</subfield>
  </datafield>
  <datafield tag="327" ind1="2" ind2=" ">
    <subfield code="a">Comprend un making of</subfield>
  </datafield>
  <datafield tag="507" ind1="1" ind2=" ">
    <subfield code="3">UMLRM0130</subfield>
    <subfield code="7">ba0yba0y</subfield>
    <subfield code="8">freeng</subfield>
    <subfield code="a">Shadow of the vampire</subfield>
    <subfield code="c">film</subfield>
    <subfield code="m">Français</subfield>
  </datafield>
  <datafield tag="510" ind1="1" ind2=" ">
    <subfield code="a">Shadow of the vampire</subfield>
    <subfield code="z">eng</subfield>
  </datafield>
  <datafield tag="712" ind1="0" ind2="2">
    <subfield code="3">13979881</subfield>
    <subfield code="o">ISNI 0000 0001 2193 9138</subfield>
    <subfield code="a">Studio Canal plus</subfield>
    <subfield code="4">650</subfield>
  </datafield>
  <datafield tag="712" ind1="0" ind2="2">
    <subfield code="3">14033208</subfield>
    <subfield code="a">Universal pictures vidéo France SA</subfield>
    <subfield code="4">310</subfield>
  </datafield>
  <datafield tag="801" ind1=" " ind2="0">
    <subfield code="a">FR</subfield>
    <subfield code="b">FR-751131015</subfield>
    <subfield code="c">20221019</subfield>
    <subfield code="g">RDA-FR</subfield>
    <subfield code="h">FRBNF38556577000000X</subfield>
  </datafield>
</record>