
<record format="UNIMARC" type="Bibliographic">
  <leader>00739nam  2200217 i 4500</leader>
  <controlfield tag="001">UMLRM0134</controlfield>
  <datafield tag="010" ind1=" " ind2=" ">
    <subfield code="a">978-3-936298-54-3</subfield>
    <subfield code="b">Relié</subfield>
  </datafield>
  <datafield tag="100" ind1=" " ind2=" ">
    <subfield code="a">20110920d2009    x  y0frey50      ba</subfield>
  </datafield>
  <datafield tag="101" ind1="0" ind2=" ">
    <subfield code="a">ger</subfield>
  </datafield>
  <datafield tag="102" ind1=" " ind2=" ">
    <subfield code="a">DE</subfield>
  </datafield>
  <datafield tag="181" ind1=" " ind2="0">
    <subfield code="6">01</subfield>
    <subfield code="a">i</subfield>
    <subfield code="b">xxxe</subfield>
    <subfield code="a">b</subfield>
    <subfield code="b">xb2e</subfield>
  </datafield>
  <datafield tag="181" ind1=" " ind2=" ">
    <subfield code="6">02</subfield>
    <subfield code="c">txt</subfield>
    <subfield code="c">sti</subfield>
    <subfield code="2">rdacontent</subfield>
  </datafield>
  <datafield tag="182" ind1=" " ind2="0">
    <subfield code="6">01</subfield>
    <subfield code="a">n</subfield>
  </datafield>
  <datafield tag="182" ind1=" " ind2=" ">
    <subfield code="6">02</subfield>
    <subfield code="c">n</subfield>
    <subfield code="2">rdamedia</subfield>
  </datafield>
  <datafield tag="183" ind1=" " ind2=" ">
    <subfield code="a">nga</subfield>
    <subfield code="2">RDAfrCarrier</subfield>
  </datafield>
  <datafield tag="200" ind1="1" ind2=" ">
    <subfield code="a">Max Schreck</subfield>
    <subfield code="e">Gespenstertheater</subfield>
    <subfield code="f">Stefan Eickhoff</subfield>
  </datafield>
  <datafield tag="214" ind1=" " ind2="0">
    <subfield code="a">München</subfield>
    <subfield code="c">Belleville</subfield>
  </datafield>
  <datafield tag="214" ind1=" " ind2="4">
    <subfield code="d">Copyright 2009</subfield>
  </datafield>
  <datafield tag="215" ind1=" " ind2=" ">
    <subfield code="a">1 volume. (575 pages)</subfield>
    <subfield code="c">couverture illustrée</subfield>
    <subfield code="d">25 cm</subfield>
  </datafield>
  <datafield tag="577" ind1="1" ind2="1">
    <subfield code="3">UMLRM0133</subfield>
    <subfield code="7">ba0yba0y</subfield>
    <subfield code="8">freger</subfield>
    <subfield code="a">Eickhoff, Stefan</subfield>
    <subfield code="t">Max Schreck : Gespenstertheater</subfield>
    <subfield code="m">Allemand</subfield>
    <subfield code="n">Texte noté</subfield>
  </datafield>
  <datafield tag="801" ind1=" " ind2="0">
    <subfield code="a">FR</subfield>
    <subfield code="b">FR-751131015</subfield>
    <subfield code="c">20221110</subfield>
    <subfield code="g">RDA-FR</subfield>
    <subfield code="h">FRBNF424332410000007</subfield>
  </datafield>
</record>