
<record format="UNIMARC" type="Bibliographic">
  <leader>01711ngm  2200337 i 4500</leader>
  <controlfield tag="001">UMLRM0137</controlfield>
  <datafield tag="071" ind1="4" ind2="1">
    <subfield code="a">ED 019D</subfield>
    <subfield code="b">ED Distribution</subfield>
  </datafield>
  <datafield tag="073" ind1=" " ind2="0">
    <subfield code="a">3341348720715</subfield>
  </datafield>
  <datafield tag="100" ind1=" " ind2=" ">
    <subfield code="a">20221021d2005    x  y0frey50      ba</subfield>
  </datafield>
  <datafield tag="102" ind1=" " ind2=" ">
    <subfield code="a">FR</subfield>
  </datafield>
  <datafield tag="115" ind1=" " ind2=" ">
    <subfield code="a">c   caiz       bk  c</subfield>
  </datafield>
  <datafield tag="181" ind1=" " ind2=" ">
    <subfield code="6">01</subfield>
    <subfield code="a">b</subfield>
    <subfield code="b">xa2ae</subfield>
  </datafield>
  <datafield tag="181" ind1=" " ind2=" ">
    <subfield code="6">02</subfield>
    <subfield code="c">tdi</subfield>
    <subfield code="2">rda-frcontent</subfield>
  </datafield>
  <datafield tag="182" ind1=" " ind2=" ">
    <subfield code="6">01</subfield>
    <subfield code="a">g</subfield>
  </datafield>
  <datafield tag="182" ind1=" " ind2=" ">
    <subfield code="6">02</subfield>
    <subfield code="c">v</subfield>
    <subfield code="2">rda-frmedia</subfield>
  </datafield>
  <datafield tag="183" ind1=" " ind2=" ">
    <subfield code="6">02</subfield>
    <subfield code="a">vcc</subfield>
    <subfield code="2">rda-frcarrier</subfield>
  </datafield>
  <datafield tag="200" ind1="1" ind2=" ">
    <subfield code="a">Dracula</subfield>
    <subfield code="e">pages tirées du journal d&apos;une vierge</subfield>
    <subfield code="d">Dracula</subfield>
    <subfield code="e">pages from a virgin&apos;s diary</subfield>
    <subfield code="f">un film de Guy Maddin, [réalisateur]</subfield>
    <subfield code="g">musique de Gustav Mahler</subfield>
    <subfield code="z">eng</subfield>
  </datafield>
  <datafield tag="214" ind1=" " ind2="0">
    <subfield code="a">[Paris]</subfield>
    <subfield code="c">ED distribution</subfield>
    <subfield code="d">[DL 2005]</subfield>
  </datafield>
  <datafield tag="214" ind1=" " ind2="2">
    <subfield code="a">[Paris]</subfield>
    <subfield code="c">ED distribution</subfield>
  </datafield>
  <datafield tag="215" ind1=" " ind2=" ">
    <subfield code="a">1 DVD vidéo</subfield>
    <subfield code="c">monoface simple couche, PAL, surround (Dolby), toutes zones</subfield>
  </datafield>
  <datafield tag="304" ind1=" " ind2=" ">
    <subfield code="a">Notice rédigée d&apos;après la jaquette</subfield>
  </datafield>
  <datafield tag="327" ind1="2" ind2=" ">
    <subfield code="a">Audio-commentaire du film/ par Guy Maddin</subfield>
    <subfield code="a">Interviews de Guy Maddin / par Lorenzo Recio et par Yves Montmayeur</subfield>
    <subfield code="a">Biographie et filmographie de Guy Maddin</subfield>
  </datafield>
  <datafield tag="371" ind1="1" ind2=" ">
    <subfield code="a">Interdit à la location</subfield>
  </datafield>
  <datafield tag="451" ind1=" " ind2="1">
    <subfield code="0">UMLRM0168</subfield>
    <subfield code="t">Guy Maddin</subfield>
    <subfield code="c">[Paris]</subfield>
    <subfield code="n">ED distribution</subfield>
    <subfield code="d">[DL 2012]</subfield>
    <subfield code="p">4 DVD vidéo</subfield>
  </datafield>
  <datafield tag="507" ind1="1" ind2=" ">
    <subfield code="3">UMLRM0136</subfield>
    <subfield code="7">ba0yba0y</subfield>
    <subfield code="8">freeng</subfield>
    <subfield code="a">Dracula : pages from a virgin&apos;s diary</subfield>
    <subfield code="c">film</subfield>
    <subfield code="m">Anglais ; sous-titrage en français</subfield>
  </datafield>
  <datafield tag="510" ind1="1" ind2=" ">
    <subfield code="a">Dracula</subfield>
    <subfield code="e">pages from a virgin&apos;s diary</subfield>
    <subfield code="z">eng</subfield>
  </datafield>
  <datafield tag="702" ind1=" " ind2="1">
    <subfield code="3">14117683</subfield>
    <subfield code="7">ba0yba0y</subfield>
    <subfield code="8">fre###</subfield>
    <subfield code="o">ISNI 0000 0001 1664 8619</subfield>
    <subfield code="a">Maddin</subfield>
    <subfield code="b">Guy</subfield>
    <subfield code="f">1956-....</subfield>
    <subfield code="4">210</subfield>
    <subfield code="4">460</subfield>
  </datafield>
  <datafield tag="702" ind1=" " ind2="1">
    <subfield code="3">14627980</subfield>
    <subfield code="7">ba0yba0y</subfield>
    <subfield code="8">fre###</subfield>
    <subfield code="o">0000 0000 0305 4515</subfield>
    <subfield code="a">Recio</subfield>
    <subfield code="b">Lorenzo</subfield>
    <subfield code="f">1964-....</subfield>
    <subfield code="4">470</subfield>
  </datafield>
  <datafield tag="702" ind1=" " ind2="1">
    <subfield code="3">17068333</subfield>
    <subfield code="7">ba0yba0y</subfield>
    <subfield code="8">frefre</subfield>
    <subfield code="o">0000 0004 5970 4205</subfield>
    <subfield code="a">Montmayeur</subfield>
    <subfield code="b">Yves</subfield>
    <subfield code="4">470</subfield>
  </datafield>
  <datafield tag="712" ind1="2" ind2="0">
    <subfield code="3">14010888</subfield>
    <subfield code="7">ba0yba0y</subfield>
    <subfield code="8">frefre</subfield>
    <subfield code="a">ED Distribution</subfield>
    <subfield code="4">650</subfield>
    <subfield code="4">310</subfield>
  </datafield>
  <datafield tag="801" ind1=" " ind2="0">
    <subfield code="a">FR</subfield>
    <subfield code="b">FR-751131015</subfield>
    <subfield code="c">20221021</subfield>
    <subfield code="g">RDA-FR</subfield>
    <subfield code="h">FRBNF399530650000000</subfield>
  </datafield>
</record>