
<record format="UNIMARC" type="Bibliographic">
  <leader>00597nkm  2200157 i 4500</leader>
  <controlfield tag="001">UMLRM0140</controlfield>
  <datafield tag="100" ind1=" " ind2=" ">
    <subfield code="a">20221025d2001    x  y0frey50      ba</subfield>
  </datafield>
  <datafield tag="102" ind1=" " ind2=" ">
    <subfield code="a">FR</subfield>
  </datafield>
  <datafield tag="181" ind1=" " ind2=" ">
    <subfield code="a">b </subfield>
    <subfield code="b">xb2e</subfield>
  </datafield>
  <datafield tag="182" ind1=" " ind2=" ">
    <subfield code="a">n</subfield>
  </datafield>
  <datafield tag="183" ind1=" " ind2=" ">
    <subfield code="a">ned</subfield>
    <subfield code="2">RDAfrCarrier</subfield>
  </datafield>
  <datafield tag="200" ind1="1" ind2=" ">
    <subfield code="a">[Maquette de décor en volume pour &quot;Nosferatu&quot;]</subfield>
    <subfield code="f">[Daniel Jeanneteau et Laure Deratte]</subfield>
  </datafield>
  <datafield tag="214" ind1=" " ind2="1">
    <subfield code="d">[2001]</subfield>
  </datafield>
  <datafield tag="215" ind1=" " ind2=" ">
    <subfield code="a">1 maquette en volume</subfield>
  </datafield>
  <datafield tag="577" ind1="1" ind2="1">
    <subfield code="3">UMLRM0139</subfield>
    <subfield code="7">ba0yba0y</subfield>
    <subfield code="8">frefre</subfield>
    <subfield code="a">Jeanneteau, Daniel (1963-....)</subfield>
    <subfield code="a">Deratte, Laure (19..-....)</subfield>
    <subfield code="t">[Maquette de décor en volume pour &quot;Nosferatu&quot;]</subfield>
    <subfield code="n">Image fixe</subfield>
  </datafield>
  <datafield tag="801" ind1=" " ind2="0">
    <subfield code="a">FR</subfield>
    <subfield code="b">FR-751045101</subfield>
    <subfield code="c">20220928</subfield>
    <subfield code="g">RDA-FR</subfield>
    <subfield code="h">FRBNF442290500000007</subfield>
  </datafield>
</record>