
<record format="UNIMARC" type="Bibliographic">
  <leader>00969nim  2200253 i 4500</leader>
  <controlfield tag="001">UMLRM0158</controlfield>
  <datafield tag="071" ind1="0" ind2="1">
    <subfield code="b">Nonesuch</subfield>
    <subfield code="a">7559795842</subfield>
    <subfield code="c">coffret</subfield>
  </datafield>
  <datafield tag="073" ind1=" " ind2="0">
    <subfield code="a">0075597958423</subfield>
  </datafield>
  <datafield tag="100" ind1=" " ind2=" ">
    <subfield code="a">20000203d1999    x  y0frey50      ba</subfield>
  </datafield>
  <datafield tag="102" ind1=" " ind2=" ">
    <subfield code="a">EU</subfield>
  </datafield>
  <datafield tag="126" ind1=" " ind2=" ">
    <subfield code="a">agbxhxxd     cd</subfield>
    <subfield code="b">bex</subfield>
  </datafield>
  <datafield tag="181" ind1=" " ind2=" ">
    <subfield code="a">d </subfield>
    <subfield code="b">bxxa</subfield>
  </datafield>
  <datafield tag="182" ind1=" " ind2=" ">
    <subfield code="a">a</subfield>
  </datafield>
  <datafield tag="183" ind1=" " ind2=" ">
    <subfield code="a">sec</subfield>
    <subfield code="2">RDAfrCarrier</subfield>
  </datafield>
  <datafield tag="200" ind1="1" ind2=" ">
    <subfield code="a">Dracula</subfield>
    <subfield code="f">music by Philip Glass</subfield>
    <subfield code="g">performed by Kronos quartet</subfield>
  </datafield>
  <datafield tag="214" ind1=" " ind2="0">
    <subfield code="a">[London]</subfield>
    <subfield code="c">[WEA Europe]</subfield>
  </datafield>
  <datafield tag="214" ind1=" " ind2="2">
    <subfield code="a">[Le Blanc-Mesnil]</subfield>
    <subfield code="c">[distrib. Warner music France]</subfield>
  </datafield>
  <datafield tag="214" ind1=" " ind2="4">
    <subfield code="d">[P 1999]</subfield>
  </datafield>
  <datafield tag="215" ind1=" " ind2=" ">
    <subfield code="a">1 disque compact</subfield>
    <subfield code="e">1 dépliant (8 pages)</subfield>
  </datafield>
  <datafield tag="712" ind1="0" ind2="2">
    <subfield code="3">13890463</subfield>
    <subfield code="7">ba0yba0y</subfield>
    <subfield code="8">fre###</subfield>
    <subfield code="o">ISNI 0000 0001 2364 8983</subfield>
    <subfield code="a">WEA Europe</subfield>
    <subfield code="4">650</subfield>
  </datafield>
  <datafield tag="712" ind1="0" ind2="2">
    <subfield code="3">13890460</subfield>
    <subfield code="7">ba0yba0y</subfield>
    <subfield code="8">fre###</subfield>
    <subfield code="a">Warner music France</subfield>
    <subfield code="4">310</subfield>
  </datafield>
  <datafield tag="716" ind1=" " ind2=" ">
    <subfield code="3">13876673</subfield>
    <subfield code="7">ba0yba0y</subfield>
    <subfield code="8">fre###</subfield>
    <subfield code="a">Nonesuch</subfield>
  </datafield>
  <datafield tag="577" ind1="1" ind2="1">
    <subfield code="3">UMLRM0157</subfield>
    <subfield code="7">ba0yba0y</subfield>
    <subfield code="8">fre###</subfield>
    <subfield code="a">Glass, Philip (1937-....)</subfield>
    <subfield code="t">Dracula</subfield>
    <subfield code="n">Musique exécutée</subfield>
    <subfield code="w">Kronos quartet</subfield>
  </datafield>
  <datafield tag="801" ind1=" " ind2="0">
    <subfield code="a">FR</subfield>
    <subfield code="b">FR-751131015</subfield>
    <subfield code="c">20000203</subfield>
    <subfield code="g">RDA-FR</subfield>
    <subfield code="h">FRBNF384673640000006</subfield>
  </datafield>
</record>