
<record format="UNIMARC" type="Bibliographic">
  <leader>01653ngm  2200277 i 4500</leader>
  <controlfield tag="001">UMLRM0160</controlfield>
  <datafield tag="071" ind1="4" ind2="1">
    <subfield code="a">830 098-5</subfield>
    <subfield code="b">EDV 764</subfield>
  </datafield>
  <datafield tag="073" ind1=" " ind2="0">
    <subfield code="a">5053083009854</subfield>
  </datafield>
  <datafield tag="100" ind1=" " ind2=" ">
    <subfield code="a">20140919d2014    x  y0frey50      ba</subfield>
  </datafield>
  <datafield tag="102" ind1=" " ind2=" ">
    <subfield code="a"> FR</subfield>
  </datafield>
  <datafield tag="115" ind1=" " ind2=" ">
    <subfield code="a">c   aaizzuuz   bk  c</subfield>
  </datafield>
  <datafield tag="181" ind1=" " ind2=" ">
    <subfield code="6">01</subfield>
    <subfield code="a">b</subfield>
    <subfield code="b">xa2ae</subfield>
  </datafield>
  <datafield tag="181" ind1=" " ind2=" ">
    <subfield code="6">02</subfield>
    <subfield code="c">tdi</subfield>
    <subfield code="2">rda-frcontent</subfield>
  </datafield>
  <datafield tag="182" ind1=" " ind2=" ">
    <subfield code="6">01</subfield>
    <subfield code="a">g</subfield>
  </datafield>
  <datafield tag="182" ind1=" " ind2=" ">
    <subfield code="6">02</subfield>
    <subfield code="c">v</subfield>
    <subfield code="2">rda-frmedia</subfield>
  </datafield>
  <datafield tag="183" ind1=" " ind2=" ">
    <subfield code="6">02</subfield>
    <subfield code="a">vcc</subfield>
    <subfield code="2">rda-frcarrier</subfield>
  </datafield>
  <datafield tag="200" ind1="1" ind2=" ">
    <subfield code="a">Dracula</subfield>
    <subfield code="f">Tod Browning, [réalisateur]</subfield>
    <subfield code="g">scénario de Garrett Fort</subfield>
    <subfield code="g">d’après le roman de Bram Stoker et la pièce de Hamilton Deane et John L. Balderston</subfield>
    <subfield code="g">Bela Lugosi, David Manners, Helen Chandler... [et autres], [acteurs]</subfield>
  </datafield>
  <datafield tag="214" ind1=" " ind2="0">
    <subfield code="a">[Paris]</subfield>
    <subfield code="c">Universal StudioCanal vidéo</subfield>
    <subfield code="d">2014</subfield>
  </datafield>
  <datafield tag="214" ind1=" " ind2="2">
    <subfield code="a">[Paris]</subfield>
    <subfield code="c">Universal StudioCanal vidéo</subfield>
    <subfield code="d">2014</subfield>
  </datafield>
  <datafield tag="215" ind1=" " ind2=" ">
    <subfield code="a">1 BD vidéo</subfield>
  </datafield>
  <datafield tag="304" ind1=" " ind2=" ">
    <subfield code="a"> Notice rédigée d&apos;après la jaquette</subfield>
  </datafield>
  <datafield tag="327" ind1="2" ind2=" ">
    <subfield code="a">Contient aussi : &quot;Dracula&quot; : version espagnole. Introduction à la version espagnole / par Lupita Tovar Kohner. &quot;Dracula : la genèse&quot;. &quot;Lugosi : le prince des ténèbres&quot;. &quot;Dracula&quot; : nouvelle bande sonore écrite par Philip Glass et interprétée par le Kronos quartet. &quot;Sur les traces des monstres&quot; : anecdotes interactives. , &quot;Archives Dracula&quot;.&quot;Dracula : la restauration&quot;</subfield>
  </datafield>
  <datafield tag="507" ind1="1" ind2=" ">
    <subfield code="3">UMLRM0159</subfield>
    <subfield code="7">ba0yba0y</subfield>
    <subfield code="8">fre###</subfield>
    <subfield code="a">Dracula</subfield>
    <subfield code="c">film</subfield>
    <subfield code="d">1931</subfield>
    <subfield code="l">Version restaurée</subfield>
    <subfield code="m">Versions multiples (5 langues ; sous-titrage en 5 langues)</subfield>
  </datafield>
  <datafield tag="507" ind1="0" ind2=" ">
    <subfield code="3">UMLRM0162</subfield>
    <subfield code="7">ba0yba0y</subfield>
    <subfield code="8">frespa</subfield>
    <subfield code="a">Drácula</subfield>
    <subfield code="c">film</subfield>
    <subfield code="d">1931</subfield>
    <subfield code="f">espagnol</subfield>
    <subfield code="l">Version restaurée</subfield>
  </datafield>
  <datafield tag="577" ind1="0" ind2="1">
    <subfield code="3">UMLRM0157</subfield>
    <subfield code="7">ba0yba0y</subfield>
    <subfield code="8">fre###</subfield>
    <subfield code="a">Glass, Philip (1937-....)</subfield>
    <subfield code="t">Dracula</subfield>
    <subfield code="n">Musique exécutée</subfield>
    <subfield code="w">Kronos quartet</subfield>
  </datafield>
  <datafield tag="801" ind1=" " ind2="0">
    <subfield code="a">FR</subfield>
    <subfield code="b">FR-751131015</subfield>
    <subfield code="c">20140919</subfield>
    <subfield code="g">RDA-FR</subfield>
    <subfield code="h">FRBNF438976740000002</subfield>
  </datafield>
</record>