
<record format="UNIMARC" type="Bibliographic">
  <leader>01641ngm  2200301 i 4500</leader>
  <controlfield tag="001">UMLRM0168</controlfield>
  <datafield tag="071" ind1="4" ind2="1">
    <subfield code="a">ED 020D</subfield>
    <subfield code="b">ED Distribution</subfield>
    <subfield code="c">en coffret</subfield>
  </datafield>
  <datafield tag="073" ind1=" " ind2="0">
    <subfield code="a">3341348720739</subfield>
  </datafield>
  <datafield tag="100" ind1=" " ind2=" ">
    <subfield code="a">20221021d2005    x  y0frey50      ba</subfield>
  </datafield>
  <datafield tag="102" ind1=" " ind2=" ">
    <subfield code="a">FR</subfield>
  </datafield>
  <datafield tag="115" ind1=" " ind2=" ">
    <subfield code="a">c   caiz       bk  c</subfield>
  </datafield>
  <datafield tag="181" ind1=" " ind2=" ">
    <subfield code="6">01</subfield>
    <subfield code="a">b</subfield>
    <subfield code="b">xa2ae</subfield>
  </datafield>
  <datafield tag="181" ind1=" " ind2=" ">
    <subfield code="6">02</subfield>
    <subfield code="c">tdi</subfield>
    <subfield code="2">rda-frcontent</subfield>
  </datafield>
  <datafield tag="182" ind1=" " ind2=" ">
    <subfield code="6">01</subfield>
    <subfield code="a">g</subfield>
  </datafield>
  <datafield tag="182" ind1=" " ind2=" ">
    <subfield code="6">02</subfield>
    <subfield code="c">v</subfield>
    <subfield code="2">rda-frmedia</subfield>
  </datafield>
  <datafield tag="183" ind1=" " ind2=" ">
    <subfield code="6">02</subfield>
    <subfield code="a">vcc</subfield>
    <subfield code="2">rda-frcarrier</subfield>
  </datafield>
  <datafield tag="200" ind1="1" ind2=" ">
    <subfield code="a">Guy Maddin</subfield>
  </datafield>
  <datafield tag="214" ind1=" " ind2="0">
    <subfield code="a">[Paris]</subfield>
    <subfield code="c">ED distribution</subfield>
    <subfield code="d">[DL 2012]</subfield>
  </datafield>
  <datafield tag="214" ind1=" " ind2="2">
    <subfield code="a">[Paris]</subfield>
    <subfield code="c">ED distribution</subfield>
  </datafield>
  <datafield tag="215" ind1=" " ind2=" ">
    <subfield code="a">4 DVD vidéo</subfield>
    <subfield code="c">monoface simple couche, PAL, toutes zones</subfield>
  </datafield>
  <datafield tag="305" ind1=" " ind2=" ">
    <subfield code="a">Nouvelle édition sous coffret</subfield>
  </datafield>
  <datafield tag="371" ind1="1" ind2=" ">
    <subfield code="a">Interdit à la location</subfield>
  </datafield>
  <datafield tag="451" ind1=" " ind2="1">
    <subfield code="t">Tales from the Gimli hospital</subfield>
    <subfield code="f">un film de Guy Maddin,[réalisateur, scénario, mise en scène]</subfield>
    <subfield code="g">Kyle McCulloch, Michael Gottli, Angela Heck... [et autres], [acteurs]</subfield>
    <subfield code="c">[Paris]</subfield>
    <subfield code="n">ED distribution</subfield>
    <subfield code="d">[DL 2005]</subfield>
    <subfield code="p">1 DVD vidéo</subfield>
  </datafield>
  <datafield tag="451" ind1=" " ind2="1">
    <subfield code="t">Archangel</subfield>
    <subfield code="f">un film de Guy Maddin, [réalisateur]</subfield>
    <subfield code="g">scénario Guy Maddin et George Toles</subfield>
    <subfield code="g">Kyle McCulloch, Kathy MaryKuca, Sarah Neville... [et autres], [acteurs] ]</subfield>
    <subfield code="c">[Paris]</subfield>
    <subfield code="n">ED distribution</subfield>
    <subfield code="d">[DL 2005]</subfield>
    <subfield code="p">1 DVD vidéo</subfield>
  </datafield>
  <datafield tag="451" ind1=" " ind2="1">
    <subfield code="0">UMLRM0137</subfield>
    <subfield code="t">Dracula</subfield>
    <subfield code="o">pages tirées du journal d&apos;une vierge</subfield>
    <subfield code="l">Dracula</subfield>
    <subfield code="o">pages from a virgin&apos;s diary</subfield>
    <subfield code="f">un film de Guy Maddin, [réalisateur]</subfield>
    <subfield code="g">musique de Gustav Mahler</subfield>
    <subfield code="c">[Paris]</subfield>
    <subfield code="n">ED distribution</subfield>
    <subfield code="d">[DL 2005]</subfield>
    <subfield code="p">1 DVD vidéo</subfield>
  </datafield>
  <datafield tag="507" ind1="1" ind2=" ">
    <subfield code="3">UMLRM0167</subfield>
    <subfield code="7">ba0yba0y</subfield>
    <subfield code="8">fre###</subfield>
    <subfield code="a">Guy Maddin</subfield>
    <subfield code="k">ED Distribution</subfield>
    <subfield code="m">Anglais ; sous-titrage en français</subfield>
    <subfield code="n">Image animée</subfield>
  </datafield>
  <datafield tag="712" ind1="2" ind2="0">
    <subfield code="3">14010888</subfield>
    <subfield code="7">ba0yba0y</subfield>
    <subfield code="8">frefre</subfield>
    <subfield code="a">ED Distribution</subfield>
    <subfield code="4">650</subfield>
    <subfield code="4">310</subfield>
  </datafield>
  <datafield tag="801" ind1=" " ind2="0">
    <subfield code="a">FR</subfield>
    <subfield code="b">FR-751131015</subfield>
    <subfield code="c">20221021</subfield>
    <subfield code="g">RDA-FR</subfield>
    <subfield code="h">FRBNF427494470000000</subfield>
  </datafield>
</record>