
<record format="UNIMARC" type="Bibliographic">
  <leader>00766nkm  2200181 i 4500</leader>
  <controlfield tag="001">UMLRM0171</controlfield>
  <datafield tag="100" ind1=" " ind2=" ">
    <subfield code="a">20221024d2003    x  y0frey50      ba</subfield>
  </datafield>
  <datafield tag="102" ind1=" " ind2=" ">
    <subfield code="a">FR</subfield>
  </datafield>
  <datafield tag="181" ind1=" " ind2=" ">
    <subfield code="a">b </subfield>
    <subfield code="b">xb2e</subfield>
  </datafield>
  <datafield tag="182" ind1=" " ind2=" ">
    <subfield code="a">n</subfield>
  </datafield>
  <datafield tag="183" ind1=" " ind2=" ">
    <subfield code="a">nda</subfield>
    <subfield code="2">RDAfrCarrier</subfield>
  </datafield>
  <datafield tag="200" ind1="1" ind2=" ">
    <subfield code="a">Dracula, pages tirées du journal d’une vierge, un film de Guy Maddin</subfield>
    <subfield code="e">[affiche]</subfield>
    <subfield code="f">[V. Gauriat]</subfield>
  </datafield>
  <datafield tag="214" ind1=" " ind2="0">
    <subfield code="a">[Paris]</subfield>
    <subfield code="c">ED distribution</subfield>
    <subfield code="d">[2003]</subfield>
  </datafield>
  <datafield tag="214" ind1=" " ind2="3">
    <subfield code="a">Aubervilliers</subfield>
    <subfield code="c">Imprimerie Karcher</subfield>
  </datafield>
  <datafield tag="215" ind1=" " ind2=" ">
    <subfield code="a">1 feuille</subfield>
    <subfield code="d">160 x 120 cm</subfield>
  </datafield>
  <datafield tag="577" ind1="1" ind2="1">
    <subfield code="3">UMLRM0170</subfield>
    <subfield code="7">ba0yba0y</subfield>
    <subfield code="8">frefre</subfield>
    <subfield code="a">Gauriat, Vincent</subfield>
    <subfield code="t">Dracula, pages tirées du journal d’une vierge, un film de Guy Maddin</subfield>
    <subfield code="n">Image fixe</subfield>
  </datafield>
  <datafield tag="712" ind1="0" ind2="2">
    <subfield code="3">13558618</subfield>
    <subfield code="7">ba0yba0y</subfield>
    <subfield code="8">frefre</subfield>
    <subfield code="o">ISNI 0000 0001 1941 2476</subfield>
    <subfield code="a">Imprimerie A. Karcher</subfield>
    <subfield code="4">610</subfield>
  </datafield>
  <datafield tag="801" ind1=" " ind2="0">
    <subfield code="a">FR</subfield>
    <subfield code="b">FR-751045101</subfield>
    <subfield code="c">20220928</subfield>
    <subfield code="g">RDA-FR</subfield>
    <subfield code="h">FRBNF405661520000009</subfield>
  </datafield>
</record>