
<record format="UNIMARC" type="Bibliographic">
  <leader>01050cam  2200229 i 4500</leader>
  <controlfield tag="001">UMLRM0173</controlfield>
  <controlfield tag="005">20221005######.D</controlfield>
  <datafield tag="010" ind1=" " ind2=" ">
    <subfield code="a">2-08-072188-7</subfield>
    <subfield code="b">Broché</subfield>
    <subfield code="d">3,90 EUR</subfield>
  </datafield>
  <datafield tag="100" ind1=" " ind2=" ">
    <subfield code="a">20040503d2004    x  y0frey50      ba</subfield>
  </datafield>
  <datafield tag="102" ind1=" " ind2=" ">
    <subfield code="a">FR</subfield>
  </datafield>
  <datafield tag="181" ind1=" " ind2=" ">
    <subfield code="a">i </subfield>
    <subfield code="b">axxe</subfield>
  </datafield>
  <datafield tag="182" ind1=" " ind2=" ">
    <subfield code="a">n</subfield>
  </datafield>
  <datafield tag="183" ind1=" " ind2=" ">
    <subfield code="a">nga</subfield>
    <subfield code="2">RDAfrCarrier</subfield>
  </datafield>
  <datafield tag="200" ind1="1" ind2=" ">
    <subfield code="a">Dracula</subfield>
    <subfield code="e">[extraits]</subfield>
    <subfield code="f">Bram Stoker</subfield>
    <subfield code="g">traduction par Jacques Finné</subfield>
    <subfield code="g">présentation, notes, choix des extraits et dossier par Anne Cassou-Noguès et Marie-Aude de Langenhagen,...</subfield>
  </datafield>
  <datafield tag="214" ind1=" " ind2="0">
    <subfield code="a">[Paris]</subfield>
    <subfield code="c">Flammarion</subfield>
    <subfield code="d">2004</subfield>
  </datafield>
  <datafield tag="214" ind1=" " ind2="3">
    <subfield code="a">Manchecourt (Loiret, France)</subfield>
    <subfield code="c">Imprimerie Maury-Eurolivres</subfield>
  </datafield>
  <datafield tag="215" ind1=" " ind2=" ">
    <subfield code="a">1 volume (247 pages)</subfield>
    <subfield code="c">couverture illustrée</subfield>
    <subfield code="d">18 cm</subfield>
  </datafield>
  <datafield tag="225" ind1="0" ind2=" ">
    <subfield code="a">Étonnants classiques</subfield>
    <subfield code="x">269-8822</subfield>
    <subfield code="v">188</subfield>
  </datafield>
  <datafield tag="410" ind1=" " ind2="0">
    <subfield code="0">34288999</subfield>
    <subfield code="t">Étonnants classiques (Paris)</subfield>
    <subfield code="x">1269-8822</subfield>
    <subfield code="v">2004</subfield>
  </datafield>
  <datafield tag="410" ind1=" " ind2="0">
    <subfield code="0">34234516</subfield>
    <subfield code="t">G.F.</subfield>
    <subfield code="x">0768-0465</subfield>
    <subfield code="d">2004</subfield>
  </datafield>
  <datafield tag="577" ind1="1" ind2="1">
    <subfield code="3">UMLRM0172</subfield>
    <subfield code="7">ba0yba0y</subfield>
    <subfield code="8">freeng</subfield>
    <subfield code="a">Stoker, Bram (1847-1912)</subfield>
    <subfield code="t">Dracula</subfield>
    <subfield code="c">Choix</subfield>
    <subfield code="k">Cassou-Noguès ; Langenhagen</subfield>
    <subfield code="m">Français</subfield>
    <subfield code="w">Finné</subfield>
    <subfield code="n">Texte noté</subfield>
    <subfield code="o">2004</subfield>
  </datafield>
  <datafield tag="801" ind1=" " ind2="0">
    <subfield code="a">FR</subfield>
    <subfield code="b"> FR-751131010</subfield>
    <subfield code="c">20061201</subfield>
    <subfield code="g">RDA-FR</subfield>
    <subfield code="h">FRBNF391694880000006</subfield>
  </datafield>
</record>