
<record format="UNIMARC" type="Bibliographic">
  <leader>02386ngm  2200325 i 4500</leader>
  <controlfield tag="001">UMLRM0176</controlfield>
  <datafield tag="071" ind1="4" ind2="1">
    <subfield code="a">DVD 167</subfield>
    <subfield code="b">RDM vidéo</subfield>
    <subfield code="c">en coffret</subfield>
  </datafield>
  <datafield tag="073" ind1=" " ind2="0">
    <subfield code="a">3125127221675</subfield>
  </datafield>
  <datafield tag="100" ind1=" " ind2=" ">
    <subfield code="a">20221029d2013    x  y0frey50      ba</subfield>
  </datafield>
  <datafield tag="102" ind1=" " ind2=" ">
    <subfield code="a">FR</subfield>
  </datafield>
  <datafield tag="115" ind1=" " ind2=" ">
    <subfield code="a">c   caiz       bk  c</subfield>
  </datafield>
  <datafield tag="181" ind1=" " ind2=" ">
    <subfield code="6">01</subfield>
    <subfield code="a">b</subfield>
    <subfield code="b">xa2ae</subfield>
  </datafield>
  <datafield tag="181" ind1=" " ind2=" ">
    <subfield code="6">02</subfield>
    <subfield code="c">tdi</subfield>
    <subfield code="2">rda-frcontent</subfield>
  </datafield>
  <datafield tag="182" ind1=" " ind2=" ">
    <subfield code="6">01</subfield>
    <subfield code="a">g</subfield>
  </datafield>
  <datafield tag="182" ind1=" " ind2=" ">
    <subfield code="6">02</subfield>
    <subfield code="c">v</subfield>
    <subfield code="2">rda-frmedia</subfield>
  </datafield>
  <datafield tag="183" ind1=" " ind2=" ">
    <subfield code="6">02</subfield>
    <subfield code="a">vcc</subfield>
    <subfield code="2">rda-frcarrier</subfield>
  </datafield>
  <datafield tag="200" ind1="1" ind2=" ">
    <subfield code="a">Les grands classiques du cinéma allemand</subfield>
  </datafield>
  <datafield tag="214" ind1=" " ind2="0">
    <subfield code="a">[Sannois]</subfield>
    <subfield code="c">RDM vidéo</subfield>
    <subfield code="d">[DL 2013]</subfield>
  </datafield>
  <datafield tag="214" ind1=" " ind2="2">
    <subfield code="a">[Sannois]</subfield>
    <subfield code="c">RDM vidéo</subfield>
  </datafield>
  <datafield tag="215" ind1=" " ind2=" ">
    <subfield code="a">7 DVD vidéo</subfield>
    <subfield code="c">monoface double couche, 4/3, PAL, toutes zones</subfield>
  </datafield>
  <datafield tag="304" ind1=" " ind2=" ">
    <subfield code="a">Notice rédigée d&apos;après la jaquette</subfield>
  </datafield>
  <datafield tag="305" ind1=" " ind2=" ">
    <subfield code="a">Nouvelle édition sous coffret</subfield>
  </datafield>
  <datafield tag="451" ind1=" " ind2="1">
    <subfield code="0">UMLRM0003</subfield>
    <subfield code="t">Nosferatu</subfield>
    <subfield code="f">réalisation Friedrich W. Murnau</subfield>
    <subfield code="g">d’après le roman &quot;Dracula&quot; de Bram Stoker</subfield>
    <subfield code="g">scénario et adaptation Henrik Galeen</subfield>
    <subfield code="g">avec Max Schreck, Greta Schroeder, Gustav von Wangenheim... [et autres]</subfield>
    <subfield code="c">[Sannois]</subfield>
    <subfield code="n">RDM vidéo [éditeur, distributeur]</subfield>
    <subfield code="d">[DL 2012]</subfield>
    <subfield code="p">1 DVD vidéo</subfield>
  </datafield>
  <datafield tag="451" ind1=" " ind2="1">
    <subfield code="t">Le Golem</subfield>
    <subfield code="l">Der Golem, wie er in die Welt kam</subfield>
    <subfield code="f">un film de Paul Wegener</subfield>
    <subfield code="g">scénario de Henrik Galeen, Paul Wegener</subfield>
    <subfield code="g">avec Paul Wegener, Albert Steinrück, Lyda Salmonova... [et autres] ]</subfield>
    <subfield code="c">[Sannois]</subfield>
    <subfield code="n">RDM vidéo [éditeur, distributeur]</subfield>
    <subfield code="d">[DL 2013]</subfield>
    <subfield code="p">1 DVD vidéo</subfield>
  </datafield>
  <datafield tag="451" ind1=" " ind2="1">
    <subfield code="t">M le maudit</subfield>
    <subfield code="f">un film de Fritz Lang</subfield>
    <subfield code="g">scénario de Thea von Harbou, Fritz Lang</subfield>
    <subfield code="g"> avec Peter Lorre, Otto Wernicke, Gustaf Gründgens... [et autres]</subfield>
    <subfield code="c">[Sannois]</subfield>
    <subfield code="n">RDM vidéo [éditeur, distributeur]</subfield>
    <subfield code="d">[DL 2012]</subfield>
    <subfield code="p">1 DVD vidéo</subfield>
  </datafield>
  <datafield tag="451" ind1=" " ind2="1">
    <subfield code="t">Le cabinet du docteur Caligari</subfield>
    <subfield code="l">Das Cabinet des Doktor Caligari</subfield>
    <subfield code="f">un film de Robert Wiene</subfield>
    <subfield code="g">scénario de Carl Mayer et Hans Janowitz</subfield>
    <subfield code="g">avec Werner Krauss, Conrad Veidt, Lil Dagover... [et autres]</subfield>
    <subfield code="c">[Sannois]</subfield>
    <subfield code="n">RDM vidéo [éditeur, distributeur]</subfield>
    <subfield code="d">[DL 2012]</subfield>
    <subfield code="p">1 DVD vidéo</subfield>
  </datafield>
  <datafield tag="451" ind1=" " ind2="1">
    <subfield code="t">Dr. Mabuse, le joueur</subfield>
    <subfield code="l">Dr. Mabuse, der Spieler</subfield>
    <subfield code="f"> un film de Fritz Lang</subfield>
    <subfield code="g">scénario de Fritz Lang et Thea von Harbou</subfield>
    <subfield code="g">avec Rudolf Klein-Rogge, Bernhard Goetzke, Alfred Abel... [et autres]</subfield>
    <subfield code="c">[Sannois]</subfield>
    <subfield code="n">RDM vidéo [éditeur, distributeur]</subfield>
    <subfield code="d">[DL 2013]</subfield>
    <subfield code="p">2 DVD vidéo</subfield>
  </datafield>
  <datafield tag="507" ind1="1" ind2=" ">
    <subfield code="3">UMLRM0175</subfield>
    <subfield code="7">ba0yba0y</subfield>
    <subfield code="8">frefre</subfield>
    <subfield code="a">Les grands classiques du cinéma allemand</subfield>
    <subfield code="k">RDM vidéo</subfield>
    <subfield code="m">Anglais, allemand, français ; sous-titrage en français</subfield>
    <subfield code="n">Image animée</subfield>
  </datafield>
  <datafield tag="712" ind1="2" ind2="0">
    <subfield code="7">ba0yba0y</subfield>
    <subfield code="8">frefre</subfield>
    <subfield code="a">RDM vidéo</subfield>
    <subfield code="4">650</subfield>
    <subfield code="4">310</subfield>
  </datafield>
  <datafield tag="801" ind1=" " ind2="0">
    <subfield code="a">FR</subfield>
    <subfield code="b">FR-751131015</subfield>
    <subfield code="c">20221029</subfield>
    <subfield code="g">RDA-FR</subfield>
    <subfield code="h">FRBNF436064770000000</subfield>
  </datafield>
</record>