
<record format="UNIMARC" type="Bibliographic">
  <leader>01425nam  2200253 i 4500</leader>
  <controlfield tag="001">UMLRM0178</controlfield>
  <datafield tag="010" ind1=" " ind2=" ">
    <subfield code="a">978-2-01-202687-2</subfield>
    <subfield code="b">Broché</subfield>
    <subfield code="d">12 EUR</subfield>
  </datafield>
  <datafield tag="073" ind1=" " ind2="0">
    <subfield code="a">9782012026872</subfield>
  </datafield>
  <datafield tag="100" ind1=" " ind2=" ">
    <subfield code="a">20221011d2011    x  y0frey50      ba</subfield>
  </datafield>
  <datafield tag="102" ind1=" " ind2=" ">
    <subfield code="a">FR</subfield>
  </datafield>
  <datafield tag="181" ind1=" " ind2=" ">
    <subfield code="a">i </subfield>
    <subfield code="b">axxe</subfield>
  </datafield>
  <datafield tag="182" ind1=" " ind2=" ">
    <subfield code="a">n</subfield>
  </datafield>
  <datafield tag="183" ind1=" " ind2=" ">
    <subfield code="a">nga</subfield>
    <subfield code="2">RDAfrCarrier</subfield>
  </datafield>
  <datafield tag="200" ind1="1" ind2=" ">
    <subfield code="a">Dracula</subfield>
    <subfield code="f">Bram Stoker</subfield>
    <subfield code="g">traduit de l&apos;anglais par Josette Chicheportiche</subfield>
  </datafield>
  <datafield tag="205" ind1=" " ind2=" ">
    <subfield code="a">Texte abrégé</subfield>
  </datafield>
  <datafield tag="214" ind1=" " ind2="0">
    <subfield code="a">[Paris]</subfield>
    <subfield code="c">Hachette</subfield>
  </datafield>
  <datafield tag="214" ind1=" " ind2="3">
    <subfield code="a">18-Saint-Amand-Montrond</subfield>
    <subfield code="c"> Imprimerie CPI Bussière</subfield>
    <subfield code="d">2011</subfield>
  </datafield>
  <datafield tag="215" ind1=" " ind2=" ">
    <subfield code="a">1 volume (321 pages)</subfield>
    <subfield code="c">couverture illustrée en couleur</subfield>
    <subfield code="d">22 cm</subfield>
  </datafield>
  <datafield tag="225" ind1="0" ind2=" ">
    <subfield code="a">Black moon</subfield>
  </datafield>
  <datafield tag="300" ind1=" " ind2=" ">
    <subfield code="a">La couverture porte en plus : &quot;le roman mythique qui a inspiré le spectacle de Kamel Ouali&quot;</subfield>
  </datafield>
  <datafield tag="330" ind1=" " ind2=" ">
    <subfield code="a">Jonathan Harker, jeune clerc de notaire britannique, est envoyé par son étude dans un sinistre château de Transylvanie afin d&apos;y négocier, avec un certain comte Dracula, l&apos;achat d&apos;une propriété en Angleterre. Il ne tarde pas à découvrir l&apos;effroyable secret de son hôte : cette créature est un mort-vivant, un vampire qui repose dans un cercueil et qui en sort la nuit pour étancher sa soif de sang.</subfield>
    <subfield code="2">Electre</subfield>
  </datafield>
  <datafield tag="410" ind1=" " ind2="0">
    <subfield code="0">41083594</subfield>
    <subfield code="t">Black moon (Hachette)</subfield>
    <subfield code="x">1957-9489</subfield>
    <subfield code="d">2011</subfield>
  </datafield>
  <datafield tag="577" ind1="1" ind2="1">
    <subfield code="3">UMLRM0053</subfield>
    <subfield code="7">ba0yba0y</subfield>
    <subfield code="8">freeng</subfield>
    <subfield code="a">Stoker, Bram (1847-1912)</subfield>
    <subfield code="t">Dracula</subfield>
    <subfield code="l">Version abrégée</subfield>
    <subfield code="w">Chichportiche</subfield>
    <subfield code="m">Français</subfield>
    <subfield code="n">Texte noté</subfield>
  </datafield>
  <datafield tag="801" ind1=" " ind2="0">
    <subfield code="a">FR</subfield>
    <subfield code="b">FR-751131015</subfield>
    <subfield code="c">20221011</subfield>
    <subfield code="g">RDA-FR</subfield>
    <subfield code="h">FRBNF425259810000009</subfield>
  </datafield>
</record>