
<record format="UNIMARC" type="Bibliographic">
  <leader>01155nam  2200265 i 4500</leader>
  <controlfield tag="001">UMLRM0179</controlfield>
  <datafield tag="010" ind1=" " ind2=" ">
    <subfield code="9">78-2-218-96671-2</subfield>
    <subfield code="b">Broché</subfield>
    <subfield code="d">4,95 EUR</subfield>
  </datafield>
  <datafield tag="073" ind1=" " ind2="0">
    <subfield code="a">9782218966712</subfield>
  </datafield>
  <datafield tag="100" ind1=" " ind2=" ">
    <subfield code="a">20221018d2013    x  y0frey50      ba</subfield>
  </datafield>
  <datafield tag="102" ind1=" " ind2=" ">
    <subfield code="a">FR</subfield>
  </datafield>
  <datafield tag="181" ind1=" " ind2=" ">
    <subfield code="a">i </subfield>
    <subfield code="b">axxe</subfield>
  </datafield>
  <datafield tag="182" ind1=" " ind2=" ">
    <subfield code="a">n</subfield>
  </datafield>
  <datafield tag="183" ind1=" " ind2=" ">
    <subfield code="a">nga</subfield>
    <subfield code="2">RDAfrCarrier</subfield>
  </datafield>
  <datafield tag="200" ind1="1" ind2=" ">
    <subfield code="a">Dracula</subfield>
    <subfield code="e">vers 1897</subfield>
    <subfield code="f">Bram Stoker</subfield>
    <subfield code="g">traduit de l&apos;anglais par Josette Chicheportiche</subfield>
    <subfield code="g">notes et dossier, Fanny Deschamps[...]</subfield>
  </datafield>
  <datafield tag="205" ind1=" " ind2=" ">
    <subfield code="a">Texte abrégé</subfield>
  </datafield>
  <datafield tag="214" ind1=" " ind2="0">
    <subfield code="a">Paris</subfield>
    <subfield code="c">Hatier</subfield>
    <subfield code="d">DL 2013</subfield>
  </datafield>
  <datafield tag="214" ind1=" " ind2="3">
    <subfield code="a">Italie</subfield>
  </datafield>
  <datafield tag="215" ind1=" " ind2=" ">
    <subfield code="a">1 volume (317 pages)</subfield>
    <subfield code="c">illustrations, couverture illustrée en couleur</subfield>
    <subfield code="d">18 cm</subfield>
  </datafield>
  <datafield tag="225" ind1="2" ind2=" ">
    <subfield code="a">Classiques &amp; Cie</subfield>
    <subfield code="i">Collège</subfield>
    <subfield code="v">68</subfield>
  </datafield>
  <datafield tag="320" ind1=" " ind2=" ">
    <subfield code="a">Bibliographie, filmographie pages 313-315. Lexique</subfield>
  </datafield>
  <datafield tag="410" ind1=" " ind2="0">
    <subfield code="0">41499015</subfield>
    <subfield code="t">Classiques &amp; Cie. Collège</subfield>
    <subfield code="x">2102-2496</subfield>
    <subfield code="v">68</subfield>
  </datafield>
  <datafield tag="410" ind1=" " ind2="0">
    <subfield code="0">38888479</subfield>
    <subfield code="t">Classiques &amp; Cie</subfield>
    <subfield code="x">1636-7391</subfield>
    <subfield code="d">2013</subfield>
  </datafield>
  <datafield tag="577" ind1="1" ind2="1">
    <subfield code="3">UMLRM0053</subfield>
    <subfield code="7">ba0yba0y</subfield>
    <subfield code="8"> freeng</subfield>
    <subfield code="a">Stoker, Bram (1847-1912)</subfield>
    <subfield code="t">Dracula</subfield>
    <subfield code="l">Version abrégée</subfield>
    <subfield code="w">Chichportiche</subfield>
    <subfield code="m">Français</subfield>
    <subfield code="n">Texte noté</subfield>
  </datafield>
  <datafield tag="702" ind1=" " ind2="1">
    <subfield code="3">14623074</subfield>
    <subfield code="7">ba0yba0y</subfield>
    <subfield code="8">fre###</subfield>
    <subfield code="o">ISNI000000000323564X</subfield>
    <subfield code="a">Deschamps</subfield>
    <subfield code="b">Fanny</subfield>
    <subfield code="f">1977-....</subfield>
    <subfield code="4">340</subfield>
  </datafield>
  <datafield tag="801" ind1=" " ind2="0">
    <subfield code="a">FR</subfield>
    <subfield code="b">FR-751131015</subfield>
    <subfield code="c">20221018</subfield>
    <subfield code="g">RDA-FR</subfield>
    <subfield code="h"> FRBNF437120060000005</subfield>
  </datafield>
</record>