
<record format="UNIMARC" type="Bibliographic">
  <leader>01101ngm  2200241 i 4500</leader>
  <controlfield tag="001">UMLRM0182</controlfield>
  <datafield tag="071" ind1="4" ind2="1">
    <subfield code="a">ZFP61069</subfield>
    <subfield code="b">Warner home video</subfield>
    <subfield code="c">Boîte</subfield>
  </datafield>
  <datafield tag="100" ind1=" " ind2=" ">
    <subfield code="a">20221104d1985    x  y0frey50      ba</subfield>
  </datafield>
  <datafield tag="102" ind1=" " ind2=" ">
    <subfield code="a">FR</subfield>
  </datafield>
  <datafield tag="115" ind1=" " ind2=" ">
    <subfield code="a">c   bahoxux    cbxxd</subfield>
  </datafield>
  <datafield tag="181" ind1=" " ind2=" ">
    <subfield code="6">01</subfield>
    <subfield code="a">b</subfield>
    <subfield code="b">xa2ae</subfield>
  </datafield>
  <datafield tag="181" ind1=" " ind2=" ">
    <subfield code="6">02</subfield>
    <subfield code="c">tdi</subfield>
    <subfield code="2">rda-frcontent</subfield>
  </datafield>
  <datafield tag="182" ind1=" " ind2=" ">
    <subfield code="6">01</subfield>
    <subfield code="a">g</subfield>
  </datafield>
  <datafield tag="182" ind1=" " ind2=" ">
    <subfield code="6">02</subfield>
    <subfield code="c">v</subfield>
    <subfield code="2">rda-frmedia</subfield>
  </datafield>
  <datafield tag="183" ind1=" " ind2=" ">
    <subfield code="6">02</subfield>
    <subfield code="a">vba</subfield>
    <subfield code="2">rda-frcarrier</subfield>
  </datafield>
  <datafield tag="200" ind1="1" ind2=" ">
    <subfield code="a">Dracula et les femmes</subfield>
    <subfield code="d">Dracula has risen from the grave‎</subfield>
    <subfield code="f">avec Christopher Lee, Rupert Davies</subfield>
    <subfield code="g">[réalisation Freddie Francis]</subfield>
    <subfield code="g">[scénario de John Elder d’après l’oeuvre de Bram Stoker]</subfield>
    <subfield code="g">[musique de James Bernard]</subfield>
    <subfield code="g">une production Hammer film</subfield>
    <subfield code="z">eng</subfield>
  </datafield>
  <datafield tag="214" ind1=" " ind2="0">
    <subfield code="a">[Paris]</subfield>
    <subfield code="c">Warner home video France</subfield>
    <subfield code="d">DL 1985</subfield>
  </datafield>
  <datafield tag="214" ind1=" " ind2="2">
    <subfield code="a">Paris</subfield>
    <subfield code="c">Warner home video France</subfield>
  </datafield>
  <datafield tag="215" ind1=" " ind2=" ">
    <subfield code="a">1 cassette vidéo</subfield>
    <subfield code="c">VHS, SECAM</subfield>
  </datafield>
  <datafield tag="507" ind1="1" ind2=" ">
    <subfield code="3">UMLRM0181</subfield>
    <subfield code="a">Dracula has risen from the grave</subfield>
    <subfield code="c">film</subfield>
    <subfield code="m">Français</subfield>
  </datafield>
  <datafield tag="510" ind1="1" ind2=" ">
    <subfield code="a">Dracula has risen from the grave</subfield>
    <subfield code="z">eng</subfield>
  </datafield>
  <datafield tag="712" ind1="0" ind2="2">
    <subfield code="3">13890456</subfield>
    <subfield code="7">ba0yba0y</subfield>
    <subfield code="8">freeng</subfield>
    <subfield code="o">ISNI0000000121626641</subfield>
    <subfield code="a">Warner home video France</subfield>
    <subfield code="4">310</subfield>
    <subfield code="4">650</subfield>
  </datafield>
  <datafield tag="801" ind1=" " ind2="0">
    <subfield code="a">FR</subfield>
    <subfield code="b">FR-751131015</subfield>
    <subfield code="c">20220803</subfield>
    <subfield code="g">RDA-FR</subfield>
    <subfield code="h">FRBNF381583240000003</subfield>
  </datafield>
</record>