
<record format="UNIMARC" type="Bibliographic">
  <leader>01003ngm  2200241 i 4500</leader>
  <controlfield tag="001">UMLRM0188</controlfield>
  <datafield tag="071" ind1="0" ind2="1">
    <subfield code="a">LIV 207M</subfield>
    <subfield code="b">Livraphone</subfield>
    <subfield code="c">Album</subfield>
  </datafield>
  <datafield tag="073" ind1=" " ind2="0">
    <subfield code="a">3358950010004</subfield>
  </datafield>
  <datafield tag="100" ind1=" " ind2=" ">
    <subfield code="a">20221110d2009    x  y0frey50      ba</subfield>
  </datafield>
  <datafield tag="102" ind1=" " ind2=" ">
    <subfield code="a">FR</subfield>
  </datafield>
  <datafield tag="181" ind1=" " ind2="0">
    <subfield code="6">01</subfield>
    <subfield code="a">h</subfield>
    <subfield code="b">xxxa</subfield>
  </datafield>
  <datafield tag="181" ind1=" " ind2=" ">
    <subfield code="6">02</subfield>
    <subfield code="c">spw</subfield>
    <subfield code="2">rda-frcontent</subfield>
  </datafield>
  <datafield tag="182" ind1=" " ind2="0">
    <subfield code="6">01</subfield>
    <subfield code="a">a</subfield>
  </datafield>
  <datafield tag="182" ind1=" " ind2=" ">
    <subfield code="6">02</subfield>
    <subfield code="c">s</subfield>
    <subfield code="2">rda-frmedia</subfield>
  </datafield>
  <datafield tag="183" ind1=" " ind2=" ">
    <subfield code="6">02</subfield>
    <subfield code="a">sea</subfield>
    <subfield code="2">rda-frcarrier</subfield>
  </datafield>
  <datafield tag="200" ind1="1" ind2=" ">
    <subfield code="a">Dracula</subfield>
    <subfield code="e">texte intégral</subfield>
    <subfield code="f">Bram Stoker</subfield>
    <subfield code="g">interprété par Philippe Hérisson, Pierre Val, Jean-Claude Rey... [et autres]</subfield>
  </datafield>
  <datafield tag="214" ind1=" " ind2="0">
    <subfield code="a">Paris</subfield>
    <subfield code="c">Livraphone</subfield>
    <subfield code="d">[DL 2009]</subfield>
  </datafield>
  <datafield tag="215" ind1=" " ind2=" ">
    <subfield code="a">2 CD MP3</subfield>
  </datafield>
  <datafield tag="323" ind1=" " ind2=" ">
    <subfield code="a">Interprété aussi par : Floriane Gaber, Marianne Pitaressi, Marie-Laetitia Duchiron, Thierry Leclerc, Alexis Dessaux, Arnaud Saint-Père, Arnaud Didier Fuchs, voix</subfield>
  </datafield>
  <datafield tag="507" ind1="1" ind2=" ">
    <subfield code="3">UMLRM0187</subfield>
    <subfield code="7">ba0yba0y</subfield>
    <subfield code="8">freeng</subfield>
    <subfield code="a">Stoker, Bram (1847-1912)</subfield>
    <subfield code="t">Dracula</subfield>
    <subfield code="m">Français</subfield>
    <subfield code="n">Parole énoncée</subfield>
  </datafield>
  <datafield tag="712" ind1="0" ind2="2">
    <subfield code="3">13889050</subfield>
    <subfield code="a">Livraphone</subfield>
    <subfield code="4">650</subfield>
  </datafield>
  <datafield tag="716" ind1=" " ind2=" ">
    <subfield code="3">13876179</subfield>
    <subfield code="a">Livraphone</subfield>
  </datafield>
  <datafield tag="801" ind1=" " ind2="0">
    <subfield code="a">FR</subfield>
    <subfield code="b">FR-751131015</subfield>
    <subfield code="c">20221110</subfield>
    <subfield code="g">RDA-FR</subfield>
    <subfield code="h">FRBNF414399590000005</subfield>
  </datafield>
</record>