
<record format="UNIMARC" type="Bibliographic">
  <leader>01100nim  2200241 i 4500</leader>
  <controlfield tag="001">UMLRM0193</controlfield>
  <datafield tag="071" ind1="4" ind2="1">
    <subfield code="a">7031</subfield>
    <subfield code="b">Radio Spirits</subfield>
    <subfield code="c">Coffret</subfield>
  </datafield>
  <datafield tag="073" ind1=" " ind2="0">
    <subfield code="a">9781570194283</subfield>
  </datafield>
  <datafield tag="100" ind1=" " ind2=" ">
    <subfield code="a">20221114d2001    x  y0frey50      ba</subfield>
  </datafield>
  <datafield tag="102" ind1=" " ind2=" ">
    <subfield code="a">US</subfield>
  </datafield>
  <datafield tag="126" ind1=" " ind2=" ">
    <subfield code="a">aguxhxx      cd</subfield>
  </datafield>
  <datafield tag="181" ind1=" " ind2=" ">
    <subfield code="6">01</subfield>
    <subfield code="a">h</subfield>
    <subfield code="b">xxxa  </subfield>
    <subfield code="a">d</subfield>
    <subfield code="b">bxxa</subfield>
  </datafield>
  <datafield tag="181" ind1=" " ind2=" ">
    <subfield code="6">02</subfield>
    <subfield code="c">spw</subfield>
    <subfield code="c">prm</subfield>
    <subfield code="2">rda-frcontent</subfield>
  </datafield>
  <datafield tag="182" ind1=" " ind2=" ">
    <subfield code="6">01</subfield>
    <subfield code="a">a</subfield>
  </datafield>
  <datafield tag="182" ind1=" " ind2=" ">
    <subfield code="6">02</subfield>
    <subfield code="c">s</subfield>
    <subfield code="2">rda-frmedia</subfield>
  </datafield>
  <datafield tag="183" ind1=" " ind2=" ">
    <subfield code="6">02</subfield>
    <subfield code="a">sea</subfield>
    <subfield code="2">rda-frcarrier</subfield>
  </datafield>
  <datafield tag="200" ind1="1" ind2=" ">
    <subfield code="a">Dracula</subfield>
    <subfield code="e">original radio adaptation as heard on the Mercury theatre on the air</subfield>
    <subfield code="f">starring Orson Welles</subfield>
    <subfield code="g">based on the novel by Bram Stoker</subfield>
    <subfield code="g">adapted for radio by Orson Welles and John Houseman</subfield>
    <subfield code="g">performed by Orson Welles, Martin Gabel, George Coulouris... [et autres]</subfield>
  </datafield>
  <datafield tag="214" ind1=" " ind2="0">
    <subfield code="a">Schiller park (Illinois)</subfield>
    <subfield code="c">Radio spirits</subfield>
  </datafield>
  <datafield tag="214" ind1=" " ind2="4">
    <subfield code="d">P 2001</subfield>
  </datafield>
  <datafield tag="215" ind1=" " ind2=" ">
    <subfield code="a">1 CD audio</subfield>
  </datafield>
  <datafield tag="306" ind1=" " ind2=" ">
    <subfield code="a">Producteur phonographique : Radio spirits, P 2001</subfield>
  </datafield>
  <datafield tag="507" ind1="0" ind2=" ">
    <subfield code="3">UMLRM0192</subfield>
    <subfield code="7">ba0yba0y</subfield>
    <subfield code="8">freeng</subfield>
    <subfield code="a">Dracula</subfield>
    <subfield code="c">émission radiophonique</subfield>
    <subfield code="d">1938</subfield>
    <subfield code="m">Anglais</subfield>
    <subfield code="n">Parole énoncée. Musique exécutée=712 02</subfield>
    <subfield code="a">Radio spirits</subfield>
    <subfield code="c">Firme</subfield>
    <subfield code="4">650</subfield>
    <subfield code="4">665</subfield>
  </datafield>
  <datafield tag="801" ind1=" " ind2="0">
    <subfield code="a">FR</subfield>
    <subfield code="b">FR-751131015</subfield>
    <subfield code="c">20221114</subfield>
    <subfield code="g">RDA-FR</subfield>
    <subfield code="h">FRBNF412752010000008</subfield>
  </datafield>
</record>