
<record format="UNIMARC" type="Bibliographic">
  <leader>00688nam  2200205 i 4500</leader>
  <controlfield tag="001">UMLRM0197</controlfield>
  <datafield tag="010" ind1=" " ind2=" ">
    <subfield code="b">Broché</subfield>
  </datafield>
  <datafield tag="100" ind1=" " ind2=" ">
    <subfield code="a">20221116d1986    x  y0frey50      ba</subfield>
  </datafield>
  <datafield tag="102" ind1=" " ind2=" ">
    <subfield code="a">CH</subfield>
  </datafield>
  <datafield tag="181" ind1=" " ind2=" ">
    <subfield code="a">i </subfield>
    <subfield code="b">axxe</subfield>
  </datafield>
  <datafield tag="182" ind1=" " ind2=" ">
    <subfield code="a">n</subfield>
  </datafield>
  <datafield tag="183" ind1=" " ind2=" ">
    <subfield code="a">nga</subfield>
    <subfield code="2">RDAfrCarrier</subfield>
  </datafield>
  <datafield tag="200" ind1="1" ind2=" ">
    <subfield code="a">Bibliographie de Dracula</subfield>
    <subfield code="f">Jacques Finné</subfield>
  </datafield>
  <datafield tag="214" ind1=" " ind2="0">
    <subfield code="a">Lausanne</subfield>
    <subfield code="c">L’âge d&apos;homme</subfield>
  </datafield>
  <datafield tag="214" ind1=" " ind2="4">
    <subfield code="d">Copyright 1996</subfield>
  </datafield>
  <datafield tag="215" ind1=" " ind2=" ">
    <subfield code="a">1 volume(215 pages)</subfield>
    <subfield code="d">21 cm</subfield>
  </datafield>
  <datafield tag="225" ind1="0" ind2=" ">
    <subfield code="a">Contemporains</subfield>
  </datafield>
  <datafield tag="410" ind1=" " ind2="0">
    <subfield code="0">34236570</subfield>
    <subfield code="t">Contemporains (Lausanne)</subfield>
    <subfield code="x">1662-033X</subfield>
    <subfield code="d">1986</subfield>
  </datafield>
  <datafield tag="577" ind1="1" ind2="1">
    <subfield code="3">UMLRM0196</subfield>
    <subfield code="7">ba0yba0y</subfield>
    <subfield code="8">frefre</subfield>
    <subfield code="a">Finné, Jacques (1944-….)</subfield>
    <subfield code="t">Bibliographie de Dracula</subfield>
    <subfield code="m">Français</subfield>
    <subfield code="n">Texte noté</subfield>
  </datafield>
  <datafield tag="801" ind1=" " ind2="0">
    <subfield code="a">FR</subfield>
    <subfield code="b">FR-751131015</subfield>
    <subfield code="c">2022116</subfield>
    <subfield code="g">RDA-FR</subfield>
    <subfield code="h">FRBNF399923520000009</subfield>
  </datafield>
</record>