
<record format="UNIMARC" type="Bibliographic">
  <leader>00874nam  2200205 i 4500</leader>
  <controlfield tag="001">UMLRM0199</controlfield>
  <datafield tag="010" ind1=" " ind2=" ">
    <subfield code="a">978-2-84362-674-6</subfield>
    <subfield code="b">Broché</subfield>
  </datafield>
  <datafield tag="100" ind1=" " ind2=" ">
    <subfield code="a">20221116d2020    x  y0frey50      ba</subfield>
  </datafield>
  <datafield tag="102" ind1=" " ind2=" ">
    <subfield code="a">FR</subfield>
  </datafield>
  <datafield tag="181" ind1=" " ind2=" ">
    <subfield code="a">i </subfield>
    <subfield code="b">axxe</subfield>
  </datafield>
  <datafield tag="182" ind1=" " ind2=" ">
    <subfield code="a">n</subfield>
  </datafield>
  <datafield tag="183" ind1=" " ind2=" ">
    <subfield code="a">nga</subfield>
    <subfield code="2">RDAfrCarrier</subfield>
  </datafield>
  <datafield tag="200" ind1="1" ind2=" ">
    <subfield code="a">Dictionnaire des littératures vampiriques</subfield>
    <subfield code="f">Jacques Finné, Jean Marigny</subfield>
    <subfield code="g">préface d&apos;Alain Pozzuoli</subfield>
  </datafield>
  <datafield tag="214" ind1=" " ind2="0">
    <subfield code="a">Dinan</subfield>
    <subfield code="c">Terre de brume</subfield>
    <subfield code="d">2020</subfield>
  </datafield>
  <datafield tag="215" ind1=" " ind2=" ">
    <subfield code="a">1 volume(332 pages)</subfield>
    <subfield code="d">24 cm</subfield>
  </datafield>
  <datafield tag="225" ind1="2" ind2=" ">
    <subfield code="a">Terres fantastiques</subfield>
  </datafield>
  <datafield tag="410" ind1=" " ind2="0">
    <subfield code="0">36131552</subfield>
    <subfield code="t">Terres fantastiques</subfield>
    <subfield code="x">1286-7861</subfield>
    <subfield code="d">2020</subfield>
  </datafield>
  <datafield tag="577" ind1="1" ind2="1">
    <subfield code="3">UMLRM0198</subfield>
    <subfield code="7">ba0yba0y</subfield>
    <subfield code="8">frefre</subfield>
    <subfield code="a">Finné, Jacques (1944-….)</subfield>
    <subfield code="a">Marigny, Jean (1939-....)</subfield>
    <subfield code="t">Dictionnaire des littératures vampiriques</subfield>
    <subfield code="m">Français</subfield>
    <subfield code="n">Texte noté</subfield>
  </datafield>
  <datafield tag="702" ind1=" " ind2="1">
    <subfield code="3">12169702</subfield>
    <subfield code="7">ba0yba0y</subfield>
    <subfield code="8">frefre</subfield>
    <subfield code="o">ISNI 0000 0001 2125 2440</subfield>
    <subfield code="a">Pozzuoli</subfield>
    <subfield code="b">Alain</subfield>
    <subfield code="4">080</subfield>
  </datafield>
  <datafield tag="801" ind1=" " ind2="0">
    <subfield code="a">FR</subfield>
    <subfield code="b">FR-751131015</subfield>
    <subfield code="c">20220808</subfield>
    <subfield code="g">RDA-FR</subfield>
    <subfield code="h">FRBNF46675771000000X</subfield>
  </datafield>
</record>
</collection>
